<?xml version="1.0" encoding="UTF-8"?>
<!DOCTYPE html PUBLIC "-//W3C//DTD XHTML 1.0 Transitional//EN"
    "http://www.w3.org/TR/xhtml1/DTD/xhtml1-transitional.dtd">
<html xmlns="http://www.w3.org/1999/xhtml" xml:lang="en" lang="en">
 <head>
  <title>
</title>
<meta http-equiv="Content-Type" content="text/html;charset=utf-8" />
  <meta name='ocr-system' content='tesseract 3.04.00' />
  <meta name='ocr-capabilities' content='ocr_page ocr_carea ocr_par ocr_line ocrx_word'/>
</head>
<body>
  <div class='ocr_page' id='page_1' title='image "./egilssagasiveeg00stifgoog/egilssagasiveeg00stifgoog_0330.png"; bbox 0 0 4164 5306; ppageno 0'>
   <div class='ocr_carea' id='block_1_1' title="bbox 355 393 450 498">
    <p class='ocr_par' dir='ltr' id='par_1_1' title="bbox 355 393 450 498">
     <span class='ocr_line' id='line_1_1' title="bbox 355 393 450 498; baseline -0.084 0"><span class='ocrx_word' id='word_1_1' title='bbox 355 393 450 498; x_wconf 83' lang='lat'><em>428</em></span> 
     </span>
    </p>
   </div>
   <div class='ocr_carea' id='block_1_2' title="bbox 356 539 1969 598">
    <p class='ocr_par' dir='ltr' id='par_1_2' title="bbox 356 539 1969 598">
     <span class='ocr_line' id='line_1_2' title="bbox 356 539 1969 598; baseline -0.003 -2"><span class='ocrx_word' id='word_1_2' title='bbox 356 539 1969 598; x_wconf 60' lang='grc' dir='ltr'><strong>Μ</strong></span> 
     </span>
    </p>
   </div>
   <div class='ocr_carea' id='block_1_3' title="bbox 282 657 1156 742">
    <p class='ocr_par' dir='ltr' id='par_1_3' title="bbox 282 657 1156 742">
     <span class='ocr_line' id='line_1_3' title="bbox 282 657 1156 742; baseline 0.001 -21"><span class='ocrx_word' id='word_1_3' title='bbox 282 660 351 714; x_wconf 77' lang='lat' dir='ltr'><strong>A..c</strong></span> <span class='ocrx_word' id='word_1_4' title='bbox 451 664 512 742; x_wconf 86' lang='lat' dir='ltr'><em>(Sc.</em></span> <span class='ocrx_word' id='word_1_5' title='bbox 530 683 562 722; x_wconf 87' lang='lat' dir='ltr'><em>ac</em></span> <span class='ocrx_word' id='word_1_6' title='bbox 582 660 696 721; x_wconf 81' lang='lat' dir='ltr'><em>Laudes</em></span> <span class='ocrx_word' id='word_1_7' title='bbox 712 657 856 741; x_wconf 77' lang='lat' dir='ltr'><em>Soeficce)</em></span> <span class='ocrx_word' id='word_1_8' title='bbox 882 683 913 720; x_wconf 90' lang='lat' dir='ltr'><em>re</em></span> <span class='ocrx_word' id='word_1_9' title='bbox 915 659 998 740; x_wconf 76' lang='lat' dir='ltr'><em>tque</em></span> <span class='ocrx_word' id='word_1_10' title='bbox 1011 681 1079 720; x_wconf 89' lang='lat' dir='ltr'><em>vero</em></span> <span class='ocrx_word' id='word_1_11' title='bbox 1096 660 1156 722; x_wconf 76' lang='lat' dir='ltr'><em>due</em></span> 
     </span>
    </p>
   </div>
   <div class='ocr_carea' id='block_1_4' title="bbox 282 729 350 798">
    <p class='ocr_par' dir='ltr' id='par_1_4' title="bbox 282 729 350 798">
     <span class='ocr_line' id='line_1_4' title="bbox 282 729 350 798; baseline -0.034 0"><span class='ocrx_word' id='word_1_12' title='bbox 282 729 350 798; x_wconf 82' lang='lat'><em>93⁶</em></span> 
     </span>
    </p>
   </div>
   <div class='ocr_carea' id='block_1_5' title="bbox 441 765 1158 2009">
    <p class='ocr_par' dir='ltr' id='par_1_5' title="bbox 441 765 1158 2009">
     <span class='ocr_line' id='line_1_5' title="bbox 451 765 1158 850; baseline -0.006 -20"><span class='ocrx_word' id='word_1_13' title='bbox 451 765 653 849; x_wconf 76' lang='lat' dir='ltr'><em>conclustoftve</em></span> <span class='ocrx_word' id='word_1_14' title='bbox 664 767 788 850; x_wconf 82' lang='lat' dir='ltr'><em>epilogus</em></span> <span class='ocrx_word' id='word_1_15' title='bbox 805 765 1012 848; x_wconf 85' lang='lat' dir='ltr'><em>Stroplmrnm,</em></span> <span class='ocrx_word' id='word_1_16' title='bbox 1037 787 1098 826; x_wconf 87' lang='lat' dir='ltr'><em>cum</em></span> <span class='ocrx_word' id='word_1_17' title='bbox 1113 765 1158 826; x_wconf 90' lang='lat' dir='ltr'><em>ul·</em></span> 
     </span>
     <span class='ocr_line' id='line_1_6' title="bbox 448 869 1156 952; baseline -0.006 -17"><span class='ocrx_word' id='word_1_18' title='bbox 448 879 517 935; x_wconf 82' lang='lat' dir='ltr'><em>simo</em></span> <span class='ocrx_word' id='word_1_19' title='bbox 546 891 611 932; x_wconf 84' lang='lat' dir='ltr'><em>voco</em></span> <span class='ocrx_word' id='word_1_20' title='bbox 627 869 728 950; x_wconf 80' lang='lat' dir='ltr'><em>finali,</em></span> <span class='ocrx_word' id='word_1_21' title='bbox 753 875 843 931; x_wconf 85' lang='lat' dir='ltr'><em>trium</em></span> <span class='ocrx_word' id='word_1_22' title='bbox 864 871 1070 952; x_wconf 78' lang='lat' dir='ltr'><em>tnettsplornm,</em></span> <span class='ocrx_word' id='word_1_23' title='bbox 1095 891 1156 952; x_wconf 79' lang='lat' dir='ltr'><em>qne</em></span> 
     </span>
     <span class='ocr_line' id='line_1_7' title="bbox 441 976 1156 1064; baseline -0.007 -24"><span class='ocrx_word' id='word_1_24' title='bbox 441 981 586 1064; x_wconf 83' lang='lat' dir='ltr'><em>fuerint,</em></span> <span class='ocrx_word' id='word_1_25' title='bbox 622 977 758 1060; x_wconf 88' lang='lat' dir='ltr'><em>indagatu</em></span> <span class='ocrx_word' id='word_1_26' title='bbox 789 976 954 1060; x_wconf 82' lang='lat' dir='ltr'><em>difficilium.</em></span> <span class='ocrx_word' id='word_1_27' title='bbox 1012 978 1156 1038; x_wconf 65' lang='lat' dir='ltr'><em>Hactenus</em></span> 
     </span>
     <span class='ocr_line' id='line_1_8' title="bbox 448 1081 1157 1163; baseline -0.008 -16"><span class='ocrx_word' id='word_1_28' title='bbox 448 1088 585 1148; x_wconf 73' lang='lat' dir='ltr'><em>Bidinus.</em></span> <span class='ocrx_word' id='word_1_29' title='bbox 635 1083 682 1163; x_wconf 75' lang='lat' dir='ltr'><em>Est</em></span> <span class='ocrx_word' id='word_1_30' title='bbox 695 1101 788 1142; x_wconf 91' lang='lat' dir='ltr'><em>autem</em></span> <span class='ocrx_word' id='word_1_31' title='bbox 805 1082 859 1144; x_wconf 80' lang='lat' dir='ltr'><em>bec</em></span> <span class='ocrx_word' id='word_1_32' title='bbox 875 1083 967 1142; x_wconf 88' lang='lat' dir='ltr'><em>eadem</em></span> <span class='ocrx_word' id='word_1_33' title='bbox 983 1086 1066 1142; x_wconf 90' lang='lat' dir='ltr'><em>etiam</em></span> <span class='ocrx_word' id='word_1_34' title='bbox 1081 1081 1157 1163; x_wconf 91' lang='lat' dir='ltr'><em>apud</em></span> 
     </span>
     <span class='ocr_line' id='line_1_9' title="bbox 449 1185 1154 1269; baseline -0.01 -16"><span class='ocrx_word' id='word_1_35' title='bbox 449 1193 615 1254; x_wconf 91' lang='lat' dir='ltr'><em>Wormium</em></span> <span class='ocrx_word' id='word_1_36' title='bbox 632 1191 661 1247; x_wconf 91' lang='lat' dir='ltr'><em>in</em></span> <span class='ocrx_word' id='word_1_37' title='bbox 676 1189 850 1250; x_wconf 91' lang='lat' dir='ltr'><em>Literatura</em></span> <span class='ocrx_word' id='word_1_38' title='bbox 866 1189 978 1248; x_wconf 89' lang='lat' dir='ltr'><em>Runica</em></span> <span class='ocrx_word' id='word_1_39' title='bbox 997 1185 1154 1269; x_wconf 70' lang='lat' dir='ltr'><em>dispositio,</em></span> 
     </span>
     <span class='ocr_line' id='line_1_10' title="bbox 448 1291 1154 1377; baseline -0.006 -22"><span class='ocrx_word' id='word_1_40' title='bbox 448 1316 549 1377; x_wconf 92' lang='lat' dir='ltr'><em>quam,</em></span> <span class='ocrx_word' id='word_1_41' title='bbox 574 1312 607 1352; x_wconf 86' lang='grc' dir='ltr'><em>ιι</em></span> <span class='ocrx_word' id='word_1_42' title='bbox 624 1297 733 1353; x_wconf 90' lang='lat' dir='ltr'><em>rationi</em></span> <span class='ocrx_word' id='word_1_43' title='bbox 753 1298 959 1353; x_wconf 83' lang='lat' dir='ltr'><em>coronenientem</em></span> <span class='ocrx_word' id='word_1_44' title='bbox 972 1296 1058 1375; x_wconf 87' lang='lat' dir='ltr'><em>sequi</em></span> <span class='ocrx_word' id='word_1_45' title='bbox 1071 1291 1154 1362; x_wconf 91' lang='lat' dir='ltr'><em>libet,</em></span> 
     </span>
     <span class='ocr_line' id='line_1_11' title="bbox 449 1397 1154 1482; baseline -0.007 -21"><span class='ocrx_word' id='word_1_46' title='bbox 449 1403 538 1482; x_wconf 81' lang='lat' dir='ltr'><em>miffo,</em></span> <span class='ocrx_word' id='word_1_47' title='bbox 553 1419 634 1478; x_wconf 89' lang='lat' dir='ltr'><em>quem</em></span> <span class='ocrx_word' id='word_1_48' title='bbox 652 1401 736 1458; x_wconf 89' lang='lat' dir='ltr'><em>etiam</em></span> <span class='ocrx_word' id='word_1_49' title='bbox 747 1397 836 1480; x_wconf 78' lang='lat' dir='ltr'><em>probi</em></span> <span class='ocrx_word' id='word_1_50' title='bbox 851 1397 1154 1480; x_wconf 78' lang='lat' dir='ltr'><em>obfiroaoitBio&#39;rnus,</em></span> 
     </span>
     <span class='ocr_line' id='line_1_12' title="bbox 447 1503 1157 1586; baseline -0.006 -20"><span class='ocrx_word' id='word_1_51' title='bbox 447 1507 531 1566; x_wconf 83' lang='lat' dir='ltr'><em>vario</em></span> <span class='ocrx_word' id='word_1_52' title='bbox 547 1503 766 1586; x_wconf 74' lang='lat' dir='ltr'><em>circislropbas</em></span> <span class='ocrx_word' id='word_1_53' title='bbox 785 1507 939 1586; x_wconf 84' lang='lat' dir='ltr'><em>versusque</em></span> <span class='ocrx_word' id='word_1_54' title='bbox 954 1504 1157 1586; x_wconf 77' lang='lat' dir='ltr'><em>exemplarium</em></span> 
     </span>
     <span class='ocr_line' id='line_1_13' title="bbox 451 1608 1156 1693; baseline -0.003 -23"><span class='ocrx_word' id='word_1_55' title='bbox 451 1611 582 1693; x_wconf 67' lang='lat' dir='ltr'><em>dissensu.</em></span> <span class='ocrx_word' id='word_1_56' title='bbox 637 1611 676 1670; x_wconf 89' lang='lat' dir='ltr'><em>Ut</em></span> <span class='ocrx_word' id='word_1_57' title='bbox 689 1631 757 1671; x_wconf 85' lang='lat' dir='ltr'><em>vero</em></span> <span class='ocrx_word' id='word_1_58' title='bbox 775 1609 885 1670; x_wconf 89' lang='lat' dir='ltr'><em>laudoti</em></span> <span class='ocrx_word' id='word_1_59' title='bbox 892 1609 1038 1670; x_wconf 86' lang='lat' dir='ltr'><em>duumviri</em></span> <span class='ocrx_word' id='word_1_60' title='bbox 1044 1613 1081 1677; x_wconf 75' lang='grc' dir='ltr'><em>,ιι</em></span> <span class='ocrx_word' id='word_1_61' title='bbox 1092 1608 1156 1690; x_wconf 88' lang='lat' dir='ltr'><em>plu-</em></span> 
     </span>
     <span class='ocr_line' id='line_1_14' title="bbox 452 1711 1155 1800; baseline 0 -24"><span class='ocrx_word' id='word_1_62' title='bbox 452 1719 534 1776; x_wconf 83' lang='lat' dir='ltr'><em>rimis</em></span> <span class='ocrx_word' id='word_1_63' title='bbox 559 1718 652 1800; x_wconf 89' lang='lat' dir='ltr'><em>[satis</em></span> <span class='ocrx_word' id='word_1_64' title='bbox 669 1716 771 1797; x_wconf 86' lang='lat' dir='ltr'><em>foret:</em></span> <span class='ocrx_word' id='word_1_65' title='bbox 797 1711 986 1795; x_wconf 81' lang='lat' dir='ltr'><em>quibusdem.</em></span> <span class='ocrx_word' id='word_1_66' title='bbox 1021 1715 1059 1776; x_wconf 87' lang='lat' dir='ltr'><em>G.</em></span> <span class='ocrx_word' id='word_1_67' title='bbox 1081 1714 1155 1786; x_wconf 86' lang='lat' dir='ltr'><em>M.]</em></span> 
     </span>
     <span class='ocr_line' id='line_1_15' title="bbox 441 1822 1157 1906; baseline -0.003 -26"><span class='ocrx_word' id='word_1_68' title='bbox 441 1824 560 1906; x_wconf 78' lang='lat' dir='ltr'><em>sensum</em></span> <span class='ocrx_word' id='word_1_69' title='bbox 581 1823 654 1882; x_wconf 81' lang='lat' dir='ltr'><em>teile</em></span> <span class='ocrx_word' id='word_1_70' title='bbox 679 1822 815 1882; x_wconf 82' lang='lat' dir='ltr'><em>videntur</em></span> <span class='ocrx_word' id='word_1_71' title='bbox 831 1825 962 1904; x_wconf 85' lang='lat' dir='ltr'><em>affecnti,</em></span> <span class='ocrx_word' id='word_1_72' title='bbox 987 1825 1028 1882; x_wconf 90' lang='lat' dir='ltr'><em>ita</em></span> <span class='ocrx_word' id='word_1_73' title='bbox 1044 1825 1073 1880; x_wconf 92' lang='lat' dir='ltr'><em>in</em></span> <span class='ocrx_word' id='word_1_74' title='bbox 1089 1840 1157 1880; x_wconf 91' lang='lat' dir='ltr'><em>non-</em></span> 
     </span>
     <span class='ocr_line' id='line_1_16' title="bbox 450 1924 1158 2009; baseline -0.007 -21"><span class='ocrx_word' id='word_1_75' title='bbox 450 1926 534 1988; x_wconf 81' lang='lat' dir='ltr'><em>nuliis</em></span> <span class='ocrx_word' id='word_1_76' title='bbox 551 1925 630 1988; x_wconf 92' lang='lat' dir='ltr'><em>modo</em></span> <span class='ocrx_word' id='word_1_77' title='bbox 648 1926 735 1986; x_wconf 89' lang='lat' dir='ltr'><em>aliter</em></span> <span class='ocrx_word' id='word_1_78' title='bbox 749 1929 863 2009; x_wconf 87' lang='lat' dir='ltr'><em>sentire</em></span> <span class='ocrx_word' id='word_1_79' title='bbox 885 1927 978 1988; x_wconf 88' lang='lat' dir='ltr'><em>liceat.</em></span> <span class='ocrx_word' id='word_1_80' title='bbox 1030 1924 1158 2008; x_wconf 77' lang='lat' dir='ltr'><em>Ostendit</em></span> 
     </span>
    </p>
   </div>
   <div class='ocr_carea' id='block_1_6' title="bbox 389 2017 1156 2114">
    <p class='ocr_par' dir='ltr' id='par_1_6' title="bbox 389 2017 1156 2114">
     <span class='ocr_line' id='line_1_17' title="bbox 389 2017 1156 2114; baseline -0.005 -21"><span class='ocrx_word' id='word_1_81' title='bbox 389 2017 401 2069; x_wconf 67' lang='grc'><em>·’</em></span> <span class='ocrx_word' id='word_1_82' title='bbox 449 2029 619 2103; x_wconf 89' lang='lat' dir='ltr'><em>autembic,</em></span> <span class='ocrx_word' id='word_1_83' title='bbox 644 2033 760 2114; x_wconf 81' lang='lat' dir='ltr'><em>utsnpt</em></span> <span class='ocrx_word' id='word_1_84' title='bbox 777 2031 857 2104; x_wconf 91' lang='lat' dir='ltr'><em>alias,</em></span> <span class='ocrx_word' id='word_1_85' title='bbox 881 2032 1085 2114; x_wconf 81' lang='lat' dir='ltr'><em>exemplarium</em></span> <span class='ocrx_word' id='word_1_86' title='bbox 1101 2030 1156 2090; x_wconf 90' lang='lat' dir='ltr'><em>dis·</em></span> 
     </span>
    </p>
   </div>
   <div class='ocr_carea' id='block_1_7' title="bbox 441 2135 1157 2540">
    <p class='ocr_par' dir='ltr' id='par_1_7' title="bbox 441 2135 1157 2540">
     <span class='ocr_line' id='line_1_18' title="bbox 442 2135 1157 2222; baseline 0 -26"><span class='ocrx_word' id='word_1_87' title='bbox 442 2139 546 2222; x_wconf 85' lang='lat' dir='ltr'><em>sensus</em></span> <span class='ocrx_word' id='word_1_88' title='bbox 568 2135 695 2220; x_wconf 82' lang='lat' dir='ltr'><em>diverfits</em></span> <span class='ocrx_word' id='word_1_89' title='bbox 712 2137 777 2198; x_wconf 90' lang='lat' dir='ltr'><em>olim</em></span> <span class='ocrx_word' id='word_1_90' title='bbox 799 2136 969 2198; x_wconf 78' lang='lat' dir='ltr'><em>traditiones</em></span> <span class='ocrx_word' id='word_1_91' title='bbox 984 2137 1107 2206; x_wconf 71' lang='lat' dir='ltr'><em>orales,</em></span> <span class='ocrx_word' id='word_1_92' title='bbox 1123 2157 1157 2196; x_wconf 88' lang='lat' dir='ltr'><em>ut</em></span> 
     </span>
     <span class='ocr_line' id='line_1_19' title="bbox 450 2240 1157 2326; baseline 0 -24"><span class='ocrx_word' id='word_1_93' title='bbox 450 2240 487 2307; x_wconf 68' lang='lat' dir='ltr'><em>io*</em></span> <span class='ocrx_word' id='word_1_94' title='bbox 501 2241 680 2324; x_wconf 88' lang='lat' dir='ltr'><em>quorundam</em></span> <span class='ocrx_word' id='word_1_95' title='bbox 687 2241 856 2326; x_wconf 87' lang='lat' dir='ltr'><em>scribarum</em></span> <span class='ocrx_word' id='word_1_96' title='bbox 868 2241 1075 2312; x_wconf 83' lang='lat' dir='ltr'><em>hebetudinem,</em></span> <span class='ocrx_word' id='word_1_97' title='bbox 1100 2263 1157 2302; x_wconf 83' lang='lat' dir='ltr'><em>una</em></span> 
     </span>
     <span class='ocr_line' id='line_1_20' title="bbox 441 2347 1155 2433; baseline -0.004 -23"><span class='ocrx_word' id='word_1_98' title='bbox 441 2349 515 2410; x_wconf 61' lang='lat' dir='ltr'><em>‘cum</em></span> <span class='ocrx_word' id='word_1_99' title='bbox 546 2348 695 2431; x_wconf 87' lang='lat' dir='ltr'><em>profunda</em></span> <span class='ocrx_word' id='word_1_100' title='bbox 720 2353 825 2410; x_wconf 87' lang='lat' dir='ltr'><em>veteris</em></span> <span class='ocrx_word' id='word_1_101' title='bbox 848 2353 960 2433; x_wconf 73' lang='lat' dir='ltr'><em>poeseos</em></span> <span class='ocrx_word' id='word_1_102' title='bbox 980 2349 1008 2408; x_wconf 91' lang='lat' dir='ltr'><em>di</em></span> <span class='ocrx_word' id='word_1_103' title='bbox 1036 2347 1155 2408; x_wconf 69' lang='lat' dir='ltr'><em>&#39;cultata</em></span> 
     </span>
     <span class='ocr_line' id='line_1_21' title="bbox 448 2453 1156 2540; baseline -0.006 -22"><span class='ocrx_word' id='word_1_104' title='bbox 448 2457 616 2536; x_wconf 79' lang='lat' dir='ltr'><em>Antequam</em></span> <span class='ocrx_word' id='word_1_105' title='bbox 635 2477 703 2516; x_wconf 84' lang='lat' dir='ltr'><em>vero</em></span> <span class='ocrx_word' id='word_1_106' title='bbox 720 2455 758 2516; x_wconf 87' lang='lat' dir='ltr'><em>od</em></span> <span class='ocrx_word' id='word_1_107' title='bbox 771 2456 962 2538; x_wconf 87' lang='lat' dir='ltr'><em>Stropbarum</em></span> <span class='ocrx_word' id='word_1_108' title='bbox 974 2453 1101 2540; x_wconf 76' lang='lat' dir='ltr'><em>stngulas</em></span> <span class='ocrx_word' id='word_1_109' title='bbox 1114 2475 1156 2514; x_wconf 92' lang='lat' dir='ltr'><em>me</em></span> 
     </span>
    </p>
   </div>
   <div class='ocr_carea' id='block_1_8' title="bbox 447 2547 1192 2641">
    <p class='ocr_par' dir='ltr' id='par_1_8' title="bbox 447 2547 1192 2641">
     <span class='ocr_line' id='line_1_22' title="bbox 447 2547 1192 2641; baseline -0.003 -21"><span class='ocrx_word' id='word_1_110' title='bbox 447 2579 612 2630; x_wconf 74' lang='lat' dir='ltr'><em>converto,</em></span> <span class='ocrx_word' id='word_1_111' title='bbox 645 2559 713 2620; x_wconf 90' lang='lat' dir='ltr'><em>libet</em></span> <span class='ocrx_word' id='word_1_112' title='bbox 732 2579 823 2641; x_wconf 91' lang='lat' dir='ltr'><em>pauca</em></span> <span class='ocrx_word' id='word_1_113' title='bbox 846 2561 878 2620; x_wconf 93' lang='lat' dir='ltr'><em>de</em></span> <span class='ocrx_word' id='word_1_114' title='bbox 901 2561 1016 2622; x_wconf 86' lang='lat' dir='ltr'><em>vocibus</em></span> <span class='ocrx_word' id='word_1_115' title='bbox 1038 2561 1157 2638; x_wconf 78' lang='lat' dir='ltr'><em>Deipe,</em></span> <span class='ocrx_word' id='word_1_116' title='bbox 1190 2547 1192 2552; x_wconf 44' lang='grc'>’</span> 
     </span>
    </p>
   </div>
   <div class='ocr_carea' id='block_1_9' title="bbox 444 2661 1158 3064">
    <p class='ocr_par' dir='ltr' id='par_1_9' title="bbox 444 2661 1158 3064">
     <span class='ocr_line' id='line_1_23' title="bbox 452 2661 1158 2747; baseline 0 -23"><span class='ocrx_word' id='word_1_117' title='bbox 452 2662 531 2735; x_wconf 83' lang='lat' dir='ltr'><em>stef,</em></span> <span class='ocrx_word' id='word_1_118' title='bbox 555 2661 730 2724; x_wconf 77' lang='lat' dir='ltr'><em>Stefia-mbl</em></span> <span class='ocrx_word' id='word_1_119' title='bbox 750 2665 885 2725; x_wconf 82' lang='lat' dir='ltr'><em>delibare.</em></span> <span class='ocrx_word' id='word_1_120' title='bbox 944 2665 1044 2745; x_wconf 76' lang='lat' dir='ltr'><em>Dsdpo</em></span> <span class='ocrx_word' id='word_1_121' title='bbox 1066 2669 1158 2747; x_wconf 90' lang='lat' dir='ltr'><em>igitur</em></span> 
     </span>
     <span class='ocr_line' id='line_1_24' title="bbox 450 2767 1158 2854; baseline 0 -24"><span class='ocrx_word' id='word_1_122' title='bbox 450 2773 589 2854; x_wconf 80' lang='lat' dir='ltr'><em>originem</em></span> <span class='ocrx_word' id='word_1_123' title='bbox 603 2768 682 2828; x_wconf 86' lang='lat' dir='ltr'><em>ducit</em></span> <span class='ocrx_word' id='word_1_124' title='bbox 698 2791 714 2829; x_wconf 93' lang='lat' dir='ltr'><em>a</em></span> <span class='ocrx_word' id='word_1_125' title='bbox 731 2769 817 2830; x_wconf 87' lang='lat' dir='ltr'><em>verbo</em></span> <span class='ocrx_word' id='word_1_126' title='bbox 833 2768 870 2846; x_wconf 85' lang='lat' dir='ltr'><em>ek</em></span> <span class='ocrx_word' id='word_1_127' title='bbox 885 2767 956 2852; x_wconf 77' lang='lat' dir='ltr'><em>deep</em></span> <span class='ocrx_word' id='word_1_128' title='bbox 971 2771 1096 2852; x_wconf 70' lang='lat' dir='ltr'><em>uferio,</em></span> <span class='ocrx_word' id='word_1_129' title='bbox 1111 2789 1158 2830; x_wconf 91' lang='lat' dir='ltr'><em>cu·</em></span> 
     </span>
     <span class='ocr_line' id='line_1_25' title="bbox 444 2873 1158 2958; baseline -0.001 -23"><span class='ocrx_word' id='word_1_130' title='bbox 444 2879 499 2958; x_wconf 90' lang='lat' dir='ltr'><em>jus</em></span> <span class='ocrx_word' id='word_1_131' title='bbox 516 2875 632 2934; x_wconf 82' lang='lat' dir='ltr'><em>allionis</em></span> <span class='ocrx_word' id='word_1_132' title='bbox 646 2895 679 2936; x_wconf 92' lang='lat' dir='ltr'><em>ut</em></span> <span class='ocrx_word' id='word_1_133' title='bbox 694 2879 851 2958; x_wconf 84' lang='lat' dir='ltr'><em>variisunt</em></span> <span class='ocrx_word' id='word_1_134' title='bbox 865 2875 948 2946; x_wconf 88' lang='lat' dir='ltr'><em>modi,</em></span> <span class='ocrx_word' id='word_1_135' title='bbox 973 2881 1014 2937; x_wconf 94' lang='lat' dir='ltr'><em>ita</em></span> <span class='ocrx_word' id='word_1_136' title='bbox 1028 2873 1063 2939; x_wconf 66' lang='lat' dir='ltr'><em>lu*</em></span> <span class='ocrx_word' id='word_1_137' title='bbox 1077 2873 1158 2935; x_wconf 84' lang='lat' dir='ltr'><em>verbi</em></span> 
     </span>
     <span class='ocr_line' id='line_1_26' title="bbox 449 2979 1158 3064; baseline -0.006 -20"><span class='ocrx_word' id='word_1_138' title='bbox 449 2985 534 3064; x_wconf 87' lang='lat' dir='ltr'><em>usus:</em></span> <span class='ocrx_word' id='word_1_139' title='bbox 560 2985 637 3040; x_wconf 91' lang='lat' dir='ltr'><em>inter</em></span> <span class='ocrx_word' id='word_1_140' title='bbox 651 2982 707 3042; x_wconf 88' lang='lat' dir='ltr'><em>alia</em></span> <span class='ocrx_word' id='word_1_141' title='bbox 723 3001 804 3042; x_wconf 86' lang='lat' dir='ltr'><em>notat</em></span> <span class='ocrx_word' id='word_1_142' title='bbox 819 2980 952 3042; x_wconf 85' lang='lat' dir='ltr'><em>feriendo</em></span> <span class='ocrx_word' id='word_1_143' title='bbox 965 2979 1158 3054; x_wconf 77' lang='lat' dir='ltr'><em>condensato,</em></span> 
     </span>
    </p>
   </div>
   <div class='ocr_carea' id='block_1_10' title="bbox 426 3085 1158 3169">
    <p class='ocr_par' dir='ltr' id='par_1_10' title="bbox 426 3085 1158 3169">
     <span class='ocr_line' id='line_1_27' title="bbox 426 3085 1158 3169; baseline -0.003 -21"><span class='ocrx_word' id='word_1_144' title='bbox 426 3154 428 3158; x_wconf 11' lang='grc' dir='ltr'><em>Α</em></span> <span class='ocrx_word' id='word_1_145' title='bbox 451 3109 500 3148; x_wconf 82' lang='grc' dir='ltr'><em>ιιι</em></span> <span class='ocrx_word' id='word_1_146' title='bbox 517 3108 571 3146; x_wconf 89' lang='grc' dir='ltr'><em>ιιι</em></span> <span class='ocrx_word' id='word_1_147' title='bbox 590 3085 718 3148; x_wconf 86' lang='lat' dir='ltr'><em>monibus</em></span> <span class='ocrx_word' id='word_1_148' title='bbox 737 3108 789 3150; x_wconf 90' lang='lat' dir='ltr'><em>aut</em></span> <span class='ocrx_word' id='word_1_149' title='bbox 808 3085 927 3169; x_wconf 91' lang='lat' dir='ltr'><em>pedibus</em></span> <span class='ocrx_word' id='word_1_150' title='bbox 943 3089 1057 3148; x_wconf 89' lang='lat' dir='ltr'><em>nitendo</em></span> <span class='ocrx_word' id='word_1_151' title='bbox 1072 3107 1158 3168; x_wconf 87' lang='lat' dir='ltr'><em>atque</em></span> 
     </span>
    </p>
   </div>
   <div class='ocr_carea' id='block_1_11' title="bbox 451 3190 1157 3800">
    <p class='ocr_par' dir='ltr' id='par_1_11' title="bbox 451 3190 1157 3800">
     <span class='ocr_line' id='line_1_28' title="bbox 452 3190 1157 3276; baseline -0.004 -21"><span class='ocrx_word' id='word_1_152' title='bbox 452 3191 578 3276; x_wconf 86' lang='lat' dir='ltr'><em>urgendo</em></span> <span class='ocrx_word' id='word_1_153' title='bbox 584 3214 597 3264; x_wconf 89' lang='lat'><em>;</em></span> <span class='ocrx_word' id='word_1_154' title='bbox 622 3211 655 3252; x_wconf 90' lang='lat' dir='ltr'><em>nt</em></span> <span class='ocrx_word' id='word_1_155' title='bbox 678 3191 767 3273; x_wconf 83' lang='lat' dir='ltr'><em>drepu</em></span> <span class='ocrx_word' id='word_1_156' title='bbox 789 3193 858 3253; x_wconf 86' lang='lat' dir='ltr'><em>nidr</em></span> <span class='ocrx_word' id='word_1_157' title='bbox 875 3190 996 3266; x_wconf 76' lang='lat' dir='ltr'><em>smiiiri,</em></span> <span class='ocrx_word' id='word_1_158' title='bbox 1021 3194 1157 3268; x_wconf 84' lang='lat' dir='ltr'><em>butyrum</em></span> 
     </span>
     <span class='ocr_line' id='line_1_29' title="bbox 451 3295 1157 3383; baseline -0.004 -25"><span class='ocrx_word' id='word_1_159' title='bbox 451 3302 484 3358; x_wconf 91' lang='lat' dir='ltr'><em>in</em></span> <span class='ocrx_word' id='word_1_160' title='bbox 505 3319 554 3356; x_wconf 80' lang='lat' dir='ltr'><em>vas</em></span> <span class='ocrx_word' id='word_1_161' title='bbox 577 3318 746 3379; x_wconf 81' lang='lat' dir='ltr'><em>congerere:</em></span> <span class='ocrx_word' id='word_1_162' title='bbox 771 3301 853 3377; x_wconf 85' lang='lat' dir='ltr'><em>cujus</em></span> <span class='ocrx_word' id='word_1_163' title='bbox 866 3295 897 3377; x_wconf 78' lang='lat' dir='ltr'><em>fi</em></span> <span class='ocrx_word' id='word_1_164' title='bbox 911 3319 1011 3383; x_wconf 86' lang='lat' dir='ltr'><em>magna</em></span> <span class='ocrx_word' id='word_1_165' title='bbox 1033 3301 1110 3380; x_wconf 87' lang='lat' dir='ltr'><em>copia</em></span> <span class='ocrx_word' id='word_1_166' title='bbox 1128 3302 1157 3356; x_wconf 89' lang='lat' dir='ltr'><em>in</em></span> 
     </span>
     <span class='ocr_line' id='line_1_30' title="bbox 454 3400 1157 3486; baseline -0.001 -25"><span class='ocrx_word' id='word_1_167' title='bbox 454 3401 594 3480; x_wconf 84' lang='lat' dir='ltr'><em>cumulum</em></span> <span class='ocrx_word' id='word_1_168' title='bbox 610 3400 762 3482; x_wconf 77' lang='lat' dir='ltr'><em>(grilldu)</em></span> <span class='ocrx_word' id='word_1_169' title='bbox 781 3409 978 3486; x_wconf 88' lang='lat' dir='ltr'><em>compingatur</em></span> <span class='ocrx_word' id='word_1_170' title='bbox 994 3403 1029 3480; x_wconf 87' lang='lat' dir='ltr'><em>[l.</em></span> <span class='ocrx_word' id='word_1_171' title='bbox 1046 3402 1157 3484; x_wconf 83' lang='lat' dir='ltr'><em>confer·</em></span> 
     </span>
     <span class='ocr_line' id='line_1_31' title="bbox 455 3504 1156 3586; baseline -0.004 -18"><span class='ocrx_word' id='word_1_172' title='bbox 455 3510 567 3576; x_wconf 81' lang='lat' dir='ltr'><em>riatur,</em></span> <span class='ocrx_word' id='word_1_173' title='bbox 592 3505 668 3586; x_wconf 91' lang='lat' dir='ltr'><em>quod</em></span> <span class='ocrx_word' id='word_1_174' title='bbox 681 3507 806 3579; x_wconf 87' lang='lat' dir='ltr'><em>dicitnr,</em></span> <span class='ocrx_word' id='word_1_175' title='bbox 830 3509 867 3568; x_wconf 83' lang='lat' dir='ltr'><em>od</em></span> <span class='ocrx_word' id='word_1_176' title='bbox 882 3508 970 3586; x_wconf 83' lang='lat' dir='ltr'><em>drepo</em></span> <span class='ocrx_word' id='word_1_177' title='bbox 986 3504 1091 3566; x_wconf 86' lang='lat' dir='ltr'><em>samon.</em></span> <span class='ocrx_word' id='word_1_178' title='bbox 1118 3505 1156 3566; x_wconf 89' lang='lat' dir='ltr'><em>G.</em></span> 
     </span>
     <span class='ocr_line' id='line_1_32' title="bbox 453 3611 1156 3696; baseline -0.007 -21"><span class='ocrx_word' id='word_1_179' title='bbox 453 3614 496 3675; x_wconf 92' lang='lat' dir='ltr'><em>M</em></span> <span class='ocrx_word' id='word_1_180' title='bbox 505 3616 538 3684; x_wconf 90' lang='lat'><em>]‚</em></span> <span class='ocrx_word' id='word_1_181' title='bbox 554 3613 667 3692; x_wconf 82' lang='lat' dir='ltr'><em>fallntn</em></span> <span class='ocrx_word' id='word_1_182' title='bbox 686 3614 717 3674; x_wconf 88' lang='lat' dir='ltr'><em>id</em></span> <span class='ocrx_word' id='word_1_183' title='bbox 727 3615 813 3696; x_wconf 85' lang='lat' dir='ltr'><em>forte</em></span> <span class='ocrx_word' id='word_1_184' title='bbox 836 3613 902 3673; x_wconf 87' lang='lat' dir='ltr'><em>olim</em></span> <span class='ocrx_word' id='word_1_185' title='bbox 925 3613 1024 3695; x_wconf 87' lang='lat' dir='ltr'><em>ligneis</em></span> <span class='ocrx_word' id='word_1_186' title='bbox 1044 3611 1156 3672; x_wconf 78' lang='lat' dir='ltr'><em>moltis.</em></span> 
     </span>
     <span class='ocr_line' id='line_1_33' title="bbox 454 3717 1157 3800; baseline -0.006 -20"><span class='ocrx_word' id='word_1_187' title='bbox 454 3720 532 3780; x_wconf 86' lang='lat' dir='ltr'><em>Hinc</em></span> <span class='ocrx_word' id='word_1_188' title='bbox 547 3717 646 3797; x_wconf 78' lang='lat' dir='ltr'><em>Drdpo</em></span> <span class='ocrx_word' id='word_1_189' title='bbox 663 3718 700 3799; x_wconf 79' lang='lat' dir='ltr'><em>eJl</em></span> <span class='ocrx_word' id='word_1_190' title='bbox 714 3717 886 3800; x_wconf 79' lang='lat' dir='ltr'><em>quasc&#39;copiet</em></span> <span class='ocrx_word' id='word_1_191' title='bbox 899 3717 1038 3797; x_wconf 86' lang='lat' dir='ltr'><em>quoddam</em></span> <span class='ocrx_word' id='word_1_192' title='bbox 1052 3737 1157 3789; x_wconf 90' lang='lat' dir='ltr'><em>cornu,</em></span> 
     </span>
    </p>
   </div>
   <div class='ocr_carea' id='block_1_12' title="bbox 338 3821 1157 3906">
    <p class='ocr_par' dir='ltr' id='par_1_12' title="bbox 338 3821 1157 3906">
     <span class='ocr_line' id='line_1_34' title="bbox 338 3821 1157 3906; baseline -0.005 -20"><span class='ocrx_word' id='word_1_193' title='bbox 338 3895 342 3902; x_wconf 32' lang='lat'><strong><em>¹</em></strong></span> <span class='ocrx_word' id='word_1_194' title='bbox 454 3823 623 3906; x_wconf 58' lang='lat' dir='ltr'><em>&#39;comparium</em></span> <span class='ocrx_word' id='word_1_195' title='bbox 633 3821 874 3904; x_wconf 64' lang='lat' dir='ltr'><em>&amp;condensorum</em></span> <span class='ocrx_word' id='word_1_196' title='bbox 891 3822 977 3902; x_wconf 85' lang='lat' dir='ltr'><em>quid,</em></span> <span class='ocrx_word' id='word_1_197' title='bbox 989 3822 1087 3906; x_wconf 88' lang='lat' dir='ltr'><em>largus</em></span> <span class='ocrx_word' id='word_1_198' title='bbox 1095 3821 1157 3904; x_wconf 74' lang='lat' dir='ltr'><em>sinte</em></span> 
     </span>
    </p>
   </div>
   <div class='ocr_carea' id='block_1_13' title="bbox 451 3926 1157 4118">
    <p class='ocr_par' dir='ltr' id='par_1_13' title="bbox 451 3926 1157 4114">
     <span class='ocr_line' id='line_1_35' title="bbox 451 3926 1157 3992; baseline -0.004 0.013"><span class='ocrx_word' id='word_1_199' title='bbox 451 3951 541 3992; x_wconf 82' lang='lat' dir='ltr'><em>vacuo</em></span> <span class='ocrx_word' id='word_1_200' title='bbox 555 3927 669 3988; x_wconf 87' lang='lat' dir='ltr'><em>laudum</em></span> <span class='ocrx_word' id='word_1_201' title='bbox 680 3927 815 3988; x_wconf 87' lang='lat' dir='ltr'><em>cumulus.</em></span> <span class='ocrx_word' id='word_1_202' title='bbox 839 3926 963 3989; x_wconf 85' lang='lat' dir='ltr'><em>Pulchre</em></span> <span class='ocrx_word' id='word_1_203' title='bbox 980 3949 1013 3988; x_wconf 85' lang='lat' dir='ltr'><em>ex</em></span> <span class='ocrx_word' id='word_1_204' title='bbox 1028 3927 1078 3988; x_wconf 90' lang='lat' dir='ltr'><em>boc</em></span> <span class='ocrx_word' id='word_1_205' title='bbox 1093 3951 1157 3990; x_wconf 84' lang='lat' dir='ltr'><em>ver-</em></span> 
     </span>
     <span class='ocr_line' id='line_1_36' title="bbox 452 4033 1157 4118; baseline -0.004 -20"><span class='ocrx_word' id='word_1_206' title='bbox 452 4039 518 4118; x_wconf 91' lang='lat' dir='ltr'><em>bop</em></span> <span class='ocrx_word' id='word_1_207' title='bbox 521 4036 585 4094; x_wconf 91' lang='lat' dir='ltr'><em>lura</em></span> <span class='ocrx_word' id='word_1_208' title='bbox 601 4033 677 4114; x_wconf 89' lang='lat' dir='ltr'><em>apud</em></span> <span class='ocrx_word' id='word_1_209' title='bbox 691 4053 804 4092; x_wconf 82' lang='lat' dir='ltr'><em>exteros</em></span> <span class='ocrx_word' id='word_1_210' title='bbox 821 4033 1011 4094; x_wconf 89' lang='lat' dir='ltr'><em>deducuntur.</em></span> <span class='ocrx_word' id='word_1_211' title='bbox 1039 4034 1157 4114; x_wconf 78' lang='lat' dir='ltr'><em>[Drbpa</em></span> 
     </span>
    </p>
   </div>
   <div class='ocr_carea' id='block_1_14' title="bbox 420 4056 1157 4231">
    <p class='ocr_par' dir='ltr' id='par_1_14' title="bbox 420 4056 1157 4231">
     <span class='ocr_line' id='line_1_37' title="bbox 420 4056 1157 4231; baseline 0.006 -35"><span class='ocrx_word' id='word_1_212' title='bbox 420 4204 424 4212; x_wconf 35' lang='lat'>¹</span> <span class='ocrx_word' id='word_1_213' title='bbox 454 4171 471 4208; x_wconf 63' lang='lat' dir='ltr'><em>a</em></span> <span class='ocrx_word' id='word_1_214' title='bbox 460 4056 613 4231; x_wconf 72' lang='lat' dir='ltr'><em>Aqebpooo</em></span> <span class='ocrx_word' id='word_1_215' title='bbox 624 4142 760 4222; x_wconf 83' lang='lat' dir='ltr'><em>arceffere</em></span> <span class='ocrx_word' id='word_1_216' title='bbox 770 4140 887 4201; x_wconf 80' lang='lat' dir='ltr'><em>videtur</em></span> <span class='ocrx_word' id='word_1_217' title='bbox 897 4139 1157 4201; x_wconf 88' lang='lat' dir='ltr'><em>GudmundnsAn·</em></span> 
     </span>
    </p>
   </div>
   <div class='ocr_carea' id='block_1_15' title="bbox 451 4243 1157 4356">
    <p class='ocr_par' dir='ltr' id='par_1_15' title="bbox 451 4243 1157 4356">
     <span class='ocr_line' id='line_1_38' title="bbox 451 4243 1157 4356; baseline -0.014 -42"><span class='ocrx_word' id='word_1_218' title='bbox 451 4253 540 4321; x_wconf 79' lang='lat' dir='ltr'><em>dreu,</em></span> <span class='ocrx_word' id='word_1_219' title='bbox 554 4247 630 4356; x_wconf 86' lang='lat' dir='ltr'><em>qnod</em></span> <span class='ocrx_word' id='word_1_220' title='bbox 643 4269 698 4308; x_wconf 90' lang='lat' dir='ltr'><em>non</em></span> <span class='ocrx_word' id='word_1_221' title='bbox 715 4246 823 4330; x_wconf 89' lang='lat' dir='ltr'><em>improb</em></span> <span class='ocrx_word' id='word_1_222' title='bbox 826 4269 883 4317; x_wconf 91' lang='lat' dir='ltr'><em>em,</em></span> <span class='ocrx_word' id='word_1_223' title='bbox 898 4243 950 4328; x_wconf 72' lang='lat' dir='ltr'><em>test</em></span> <span class='ocrx_word' id='word_1_224' title='bbox 958 4250 1053 4328; x_wconf 89' lang='lat' dir='ltr'><em>patius</em></span> <span class='ocrx_word' id='word_1_225' title='bbox 1065 4265 1082 4304; x_wconf 92' lang='lat' dir='ltr'><em>a</em></span> <span class='ocrx_word' id='word_1_226' title='bbox 1094 4250 1157 4327; x_wconf 88' lang='lat' dir='ltr'><em>pri·</em></span> 
     </span>
    </p>
   </div>
   <div class='ocr_carea' id='block_1_16' title="bbox 339 4327 1156 4445">
    <p class='ocr_par' dir='ltr' id='par_1_16' title="bbox 339 4327 1156 4445">
     <span class='ocr_line' id='line_1_39' title="bbox 339 4327 1156 4445; baseline -0.015 -24"><span class='ocrx_word' id='word_1_227' title='bbox 339 4427 342 4438; x_wconf 55' lang='grc'>,</span> <span class='ocrx_word' id='word_1_228' title='bbox 450 4327 629 4445; x_wconf 70' lang='lat' dir='ltr'><em>mitioodq</em></span> <span class='ocrx_word' id='word_1_229' title='bbox 603 4369 654 4414; x_wconf 80' lang='lat' dir='ltr'><em>ocos</em></span> <span class='ocrx_word' id='word_1_230' title='bbox 678 4355 752 4417; x_wconf 84' lang='lat' dir='ltr'><em>facio</em></span> <span class='ocrx_word' id='word_1_231' title='bbox 782 4353 924 4415; x_wconf 76' lang='lat' dir='ltr'><em>deducenti</em></span> <span class='ocrx_word' id='word_1_232' title='bbox 913 4373 971 4412; x_wconf 84' lang='lat' dir='ltr'><em>cum</em></span> <span class='ocrx_word' id='word_1_233' title='bbox 1001 4349 1156 4411; x_wconf 90' lang='lat' dir='ltr'><em>arbitror:</em></span> 
     </span>
    </p>
   </div>
   <div class='ocr_carea' id='block_1_17' title="bbox 442 4451 1157 4553">
    <p class='ocr_par' dir='ltr' id='par_1_17' title="bbox 442 4451 1157 4553">
     <span class='ocr_line' id='line_1_40' title="bbox 442 4451 1157 4553; baseline -0.013 -26"><span class='ocrx_word' id='word_1_234' title='bbox 442 4462 520 4553; x_wconf 76' lang='lat' dir='ltr'><em>sicut</em></span> <span class='ocrx_word' id='word_1_235' title='bbox 534 4467 656 4551; x_wconf 66' lang='lat' dir='ltr'><em>mnjotes</em></span> <span class='ocrx_word' id='word_1_236' title='bbox 671 4462 759 4546; x_wconf 70' lang='lat' dir='ltr'><em>nostri</em></span> <span class='ocrx_word' id='word_1_237' title='bbox 772 4460 1027 4538; x_wconf 82' lang='lat' dir='ltr'><em>dixeruntotgete</em></span> <span class='ocrx_word' id='word_1_238' title='bbox 1034 4498 1045 4534; x_wconf 90' lang='lat'><em>,</em></span> <span class='ocrx_word' id='word_1_239' title='bbox 1059 4451 1157 4518; x_wconf 72' lang='lat' dir='ltr'><em>versun</em></span> 
     </span>
    </p>
   </div>
   <div class='ocr_carea' id='block_1_18' title="bbox 873 379 1484 466">
    <p class='ocr_par' dir='ltr' id='par_1_18' title="bbox 873 379 1484 466">
     <span class='ocr_line' id='line_1_41' title="bbox 873 379 1484 466; baseline -0.003 0"><span class='ocrx_word' id='word_1_240' title='bbox 873 379 1484 466; x_wconf 71' lang='lat' dir='ltr'>EGILssAGa</span> 
     </span>
    </p>
   </div>
   <div class='ocr_carea' id='block_1_19' title="bbox 1296 653 1974 1161">
    <p class='ocr_par' dir='ltr' id='par_1_19' title="bbox 1296 653 1974 1161">
     <span class='ocr_line' id='line_1_42' title="bbox 1303 653 1971 755; baseline -0.007 -35"><span class='ocrx_word' id='word_1_241' title='bbox 1303 679 1497 740; x_wconf 80' lang='lat' dir='ltr'><em>consponere,</em></span> <span class='ocrx_word' id='word_1_242' title='bbox 1521 655 1556 722; x_wconf 59' lang='grc' dir='ltr'><em>ιφ</em></span> <span class='ocrx_word' id='word_1_243' title='bbox 1572 653 1663 718; x_wconf 76' lang='lat' dir='ltr'><em>veria</em></span> <span class='ocrx_word' id='word_1_244' title='bbox 1674 661 1796 755; x_wconf 83' lang='lat' dir='ltr'><em>poema</em></span> <span class='ocrx_word' id='word_1_245' title='bbox 1819 655 1901 715; x_wconf 84' lang='lat' dir='ltr'><em>eodem</em></span> <span class='ocrx_word' id='word_1_246' title='bbox 1913 677 1971 715; x_wconf 85' lang='lat' dir='ltr'><em>mou</em></span> 
     </span>
     <span class='ocr_line' id='line_1_43' title="bbox 1303 733 1973 847; baseline -0.006 -21"><span class='ocrx_word' id='word_1_247' title='bbox 1303 765 1393 845; x_wconf 83' lang='lat' dir='ltr'><em>drbpo</em></span> <span class='ocrx_word' id='word_1_248' title='bbox 1415 767 1513 824; x_wconf 82' lang='lat' dir='ltr'><em>vocari</em></span> <span class='ocrx_word' id='word_1_249' title='bbox 1533 767 1630 846; x_wconf 91' lang='lat' dir='ltr'><em>potuit</em></span> <span class='ocrx_word' id='word_1_250' title='bbox 1646 734 1738 819; x_wconf 54' lang='grc' dir='ltr'><em>καθ</em></span> <span class='ocrx_word' id='word_1_251' title='bbox 1758 733 1895 845; x_wconf 54' lang='lat' dir='ltr'><em>didm,</em></span> <span class='ocrx_word' id='word_1_252' title='bbox 1919 785 1973 847; x_wconf 85' lang='lat' dir='ltr'><em>pre</em></span> 
     </span>
     <span class='ocr_line' id='line_1_44' title="bbox 1296 867 1974 954; baseline -0.01 -23"><span class='ocrx_word' id='word_1_253' title='bbox 1296 867 1492 953; x_wconf 76' lang='lat' dir='ltr'><em>slantiffimnm</em></span> <span class='ocrx_word' id='word_1_254' title='bbox 1508 869 1637 950; x_wconf 88' lang='lat' dir='ltr'><em>quodque</em></span> <span class='ocrx_word' id='word_1_255' title='bbox 1654 869 1733 954; x_wconf 90' lang='lat' dir='ltr'><em>apud</em></span> <span class='ocrx_word' id='word_1_256' title='bbox 1749 893 1793 930; x_wconf 92' lang='lat' dir='ltr'><em>eos</em></span> <span class='ocrx_word' id='word_1_257' title='bbox 1812 876 1966 953; x_wconf 78' lang='lat' dir='ltr'><em>poematisgr</em></span> <span class='ocrx_word' id='word_1_258' title='bbox 1967 907 1974 924; x_wconf 88' lang='lat'><strong>.</strong></span> 
     </span>
     <span class='ocr_line' id='line_1_45' title="bbox 1303 975 1973 1038; baseline -0.004 -1"><span class='ocrx_word' id='word_1_259' title='bbox 1303 998 1365 1037; x_wconf 88' lang='lat' dir='ltr'><em>uus.</em></span> <span class='ocrx_word' id='word_1_260' title='bbox 1417 976 1485 1036; x_wconf 88' lang='lat' dir='ltr'><em>Non</em></span> <span class='ocrx_word' id='word_1_261' title='bbox 1499 995 1592 1036; x_wconf 76' lang='lat' dir='ltr'><em>tannen</em></span> <span class='ocrx_word' id='word_1_262' title='bbox 1607 975 1777 1038; x_wconf 88' lang='lat' dir='ltr'><em>incommode</em></span> <span class='ocrx_word' id='word_1_263' title='bbox 1793 975 1933 1034; x_wconf 77' lang='lat' dir='ltr'><em>derivatam</em></span> <span class='ocrx_word' id='word_1_264' title='bbox 1945 981 1973 1034; x_wconf 86' lang='lat' dir='ltr'><em>iti</em></span> 
     </span>
     <span class='ocr_line' id='line_1_46' title="bbox 1303 1078 1972 1161; baseline -0.007 -19"><span class='ocrx_word' id='word_1_265' title='bbox 1303 1081 1387 1142; x_wconf 89' lang='lat' dir='ltr'><em>eredo</em></span> <span class='ocrx_word' id='word_1_266' title='bbox 1397 1085 1438 1150; x_wconf 84' lang='lat' dir='ltr'><em>‚b</em></span> <span class='ocrx_word' id='word_1_267' title='bbox 1454 1081 1525 1160; x_wconf 79' lang='lat' dir='ltr'><em>deep</em></span> <span class='ocrx_word' id='word_1_268' title='bbox 1541 1081 1650 1149; x_wconf 88' lang='lat' dir='ltr'><em>accido,</em></span> <span class='ocrx_word' id='word_1_269' title='bbox 1665 1078 1701 1144; x_wconf 54' lang='grc' dir='ltr'><em>δ’</em></span> <span class='ocrx_word' id='word_1_270' title='bbox 1717 1080 1790 1161; x_wconf 78' lang='lat' dir='ltr'><em>drdp</em></span> <span class='ocrx_word' id='word_1_271' title='bbox 1805 1080 1896 1150; x_wconf 83' lang='lat' dir='ltr'><em>cedes,</em></span> <span class='ocrx_word' id='word_1_272' title='bbox 1908 1103 1972 1160; x_wconf 83' lang='lat' dir='ltr'><em>quaa·</em></span> 
     </span>
    </p>
   </div>
   <div class='ocr_carea' id='block_1_20' title="bbox 1302 1185 2033 1582">
    <p class='ocr_par' dir='ltr' id='par_1_20' title="bbox 1302 1185 2033 1582">
     <span class='ocr_line' id='line_1_47' title="bbox 1302 1185 1973 1268; baseline -0.006 -20"><span class='ocrx_word' id='word_1_273' title='bbox 1302 1185 1449 1268; x_wconf 89' lang='lat' dir='ltr'><em>doquidem</em></span> <span class='ocrx_word' id='word_1_274' title='bbox 1466 1187 1599 1247; x_wconf 77' lang='lat' dir='ltr'><em>Poemota</em></span> <span class='ocrx_word' id='word_1_275' title='bbox 1612 1186 1761 1246; x_wconf 85' lang='lat' dir='ltr'><em>laudativa</em></span> <span class='ocrx_word' id='word_1_276' title='bbox 1780 1187 1841 1246; x_wconf 87' lang='lat' dir='ltr'><em>olim</em></span> <span class='ocrx_word' id='word_1_277' title='bbox 1857 1208 1903 1246; x_wconf 88' lang='lat' dir='ltr'><em>non</em></span> <span class='ocrx_word' id='word_1_278' title='bbox 1915 1191 1973 1245; x_wconf 79' lang='lat' dir='ltr'><em>mini·</em></span> 
     </span>
     <span class='ocr_line' id='line_1_48' title="bbox 1302 1291 1972 1376; baseline -0.006 -23"><span class='ocrx_word' id='word_1_279' title='bbox 1302 1314 1374 1353; x_wconf 86' lang='lat' dir='ltr'><em>tetam</em></span> <span class='ocrx_word' id='word_1_280' title='bbox 1386 1310 1498 1374; x_wconf 88' lang='lat' dir='ltr'><em>partem</em></span> <span class='ocrx_word' id='word_1_281' title='bbox 1516 1296 1593 1352; x_wconf 88' lang='lat' dir='ltr'><em>circa</em></span> <span class='ocrx_word' id='word_1_282' title='bbox 1610 1311 1725 1376; x_wconf 89' lang='lat' dir='ltr'><em>pugnas</em></span> <span class='ocrx_word' id='word_1_283' title='bbox 1742 1291 1884 1374; x_wconf 70' lang='lat' dir='ltr'><em>lu&#39;ftrages</em></span> <span class='ocrx_word' id='word_1_284' title='bbox 1895 1291 1972 1376; x_wconf 79' lang='lat' dir='ltr'><em>deseri·</em></span> 
     </span>
     <span class='ocr_line' id='line_1_49' title="bbox 1304 1395 2033 1478; baseline -0.008 -21"><span class='ocrx_word' id='word_1_285' title='bbox 1304 1395 1406 1458; x_wconf 85' lang='lat' dir='ltr'><em>bendas</em></span> <span class='ocrx_word' id='word_1_286' title='bbox 1421 1396 1620 1478; x_wconf 80' lang='lat' dir='ltr'><em>oersttbantur.</em></span> <span class='ocrx_word' id='word_1_287' title='bbox 1636 1398 1674 1458; x_wconf 93' lang='lat' dir='ltr'><em>G.</em></span> <span class='ocrx_word' id='word_1_288' title='bbox 1690 1397 1753 1470; x_wconf 60' lang='lat' dir='ltr'><em>M]</em></span> <span class='ocrx_word' id='word_1_289' title='bbox 1767 1395 1831 1456; x_wconf 76' lang='lat' dir='ltr'><em>stef</em></span> <span class='ocrx_word' id='word_1_290' title='bbox 1839 1396 1904 1455; x_wconf 92' lang='lat' dir='ltr'><em>baud</em></span> <span class='ocrx_word' id='word_1_291' title='bbox 1914 1395 1972 1455; x_wconf 86' lang='lat' dir='ltr'><em>dubie</em></span> <span class='ocrx_word' id='word_1_292' title='bbox 2032 1427 2033 1446; x_wconf 55' lang='grc' dir='ltr'><em>ι</em></span> 
     </span>
     <span class='ocr_line' id='line_1_50' title="bbox 1303 1471 2033 1582; baseline -0.007 -20"><span class='ocrx_word' id='word_1_293' title='bbox 1303 1507 1383 1562; x_wconf 86' lang='lat' dir='ltr'><em>uenit</em></span> <span class='ocrx_word' id='word_1_294' title='bbox 1397 1491 1491 1564; x_wconf 38' lang='lat' dir='ltr'><em>a&#39;ooce</em></span> <span class='ocrx_word' id='word_1_295' title='bbox 1507 1501 1601 1572; x_wconf 82' lang='lat' dir='ltr'><em>Stnfr,</em></span> <span class='ocrx_word' id='word_1_296' title='bbox 1622 1502 1703 1582; x_wconf 89' lang='lat' dir='ltr'><em>quod</em></span> <span class='ocrx_word' id='word_1_297' title='bbox 1719 1500 1844 1562; x_wconf 87' lang='lat' dir='ltr'><em>baculum</em></span> <span class='ocrx_word' id='word_1_298' title='bbox 1857 1505 1971 1570; x_wconf 64' lang='lat' dir='ltr'><em>notami-</em></span> <span class='ocrx_word' id='word_1_299' title='bbox 2032 1471 2033 1518; x_wconf 65' lang='lat' dir='ltr'><em>l</em></span> 
     </span>
    </p>
   </div>
   <div class='ocr_carea' id='block_1_21' title="bbox 1228 1605 1970 1698">
    <p class='ocr_par' dir='ltr' id='par_1_21' title="bbox 1228 1600 2033 1723">
     <span class='ocr_line' id='line_1_51' title="bbox 1228 1605 1970 1698; baseline -0.004 -32"><span class='ocrx_word' id='word_1_300' title='bbox 1228 1685 1239 1698; x_wconf 21' lang='lat' dir='ltr'><em>a</em></span> <span class='ocrx_word' id='word_1_301' title='bbox 1304 1607 1422 1688; x_wconf 90' lang='lat' dir='ltr'><em>deriqne</em></span> <span class='ocrx_word' id='word_1_302' title='bbox 1450 1607 1539 1690; x_wconf 76' lang='lat' dir='ltr'><em>potest</em></span> <span class='ocrx_word' id='word_1_303' title='bbox 1566 1607 1670 1670; x_wconf 76' lang='lat' dir='ltr'><em>diiinm</em></span> <span class='ocrx_word' id='word_1_304' title='bbox 1699 1606 1782 1690; x_wconf 76' lang='lat' dir='ltr'><em>quasi</em></span> <span class='ocrx_word' id='word_1_305' title='bbox 1800 1605 1970 1686; x_wconf 79' lang='lat' dir='ltr'><em>firmamenon</em></span> 
     </span>
    </p>
   </div>
   <div class='ocr_carea' id='block_1_22' title="bbox 1297 1710 2033 4545">
    <p class='ocr_par' dir='ltr' id='par_1_22' title="bbox 1297 1710 2033 4545">
     <span class='ocr_line' id='line_1_52' title="bbox 1304 1710 1971 1794; baseline -0.004 -22"><span class='ocrx_word' id='word_1_306' title='bbox 1304 1713 1444 1792; x_wconf 88' lang='lat' dir='ltr'><em>quoddam</em></span> <span class='ocrx_word' id='word_1_307' title='bbox 1471 1731 1522 1772; x_wconf 90' lang='lat' dir='ltr'><em>aut</em></span> <span class='ocrx_word' id='word_1_308' title='bbox 1548 1711 1775 1794; x_wconf 75' lang='lat' dir='ltr'><em>stabilimentum</em></span> <span class='ocrx_word' id='word_1_309' title='bbox 1793 1717 1921 1782; x_wconf 82' lang='lat' dir='ltr'><em>carminis,</em></span> <span class='ocrx_word' id='word_1_310' title='bbox 1940 1710 1971 1770; x_wconf 81' lang='lat' dir='ltr'><em>cel</em></span> 
     </span>
     <span class='ocr_line' id='line_1_53' title="bbox 1304 1819 1968 1900; baseline -0.003 -22"><span class='ocrx_word' id='word_1_311' title='bbox 1304 1821 1387 1878; x_wconf 91' lang='lat' dir='ltr'><em>etiam</em></span> <span class='ocrx_word' id='word_1_312' title='bbox 1400 1832 1489 1900; x_wconf 76' lang='lat' dir='ltr'><em>poete</em></span> <span class='ocrx_word' id='word_1_313' title='bbox 1502 1839 1586 1899; x_wconf 82' lang='lat' dir='ltr'><em>atque</em></span> <span class='ocrx_word' id='word_1_314' title='bbox 1595 1822 1657 1898; x_wconf 86' lang='lat' dir='ltr'><em>ejus</em></span> <span class='ocrx_word' id='word_1_315' title='bbox 1675 1823 1754 1880; x_wconf 90' lang='lat' dir='ltr'><em>inter</em></span> <span class='ocrx_word' id='word_1_316' title='bbox 1769 1819 1923 1880; x_wconf 83' lang='lat' dir='ltr'><em>recitandum</em></span> <span class='ocrx_word' id='word_1_317' title='bbox 1933 1837 1968 1876; x_wconf 85' lang='lat' dir='ltr'><em>nc·</em></span> 
     </span>
     <span class='ocr_line' id='line_1_54' title="bbox 1302 1922 1968 2007; baseline -0.003 -23"><span class='ocrx_word' id='word_1_318' title='bbox 1302 1927 1416 1984; x_wconf 84' lang='lat' dir='ltr'><em>moria:</em></span> <span class='ocrx_word' id='word_1_319' title='bbox 1440 1946 1504 1986; x_wconf 89' lang='lat' dir='ltr'><em>nam</em></span> <span class='ocrx_word' id='word_1_320' title='bbox 1519 1928 1605 1986; x_wconf 81' lang='lat' dir='ltr'><em>eciam</em></span> <span class='ocrx_word' id='word_1_321' title='bbox 1618 1923 1690 1985; x_wconf 82' lang='lat' dir='ltr'><em>staft</em></span> <span class='ocrx_word' id='word_1_322' title='bbox 1705 1922 1928 2007; x_wconf 84' lang='lat' dir='ltr'><em>diciturqueliber</em></span> <span class='ocrx_word' id='word_1_323' title='bbox 1939 1943 1968 1982; x_wconf 89' lang='lat' dir='ltr'><em>eo·</em></span> 
     </span>
     <span class='ocr_line' id='line_1_55' title="bbox 1306 2020 2033 2113; baseline -0.003 -25"><span class='ocrx_word' id='word_1_324' title='bbox 1306 2028 1401 2090; x_wconf 90' lang='lat' dir='ltr'><em>lumna</em></span> <span class='ocrx_word' id='word_1_325' title='bbox 1417 2029 1523 2103; x_wconf 79' lang='lat' dir='ltr'><em>domur,</em></span> <span class='ocrx_word' id='word_1_326' title='bbox 1551 2027 1586 2094; x_wconf 59' lang='lat' dir='ltr'><em>ld</em></span> <span class='ocrx_word' id='word_1_327' title='bbox 1600 2030 1669 2092; x_wconf 86' lang='lat' dir='ltr'><em>nobi</em></span> <span class='ocrx_word' id='word_1_328' title='bbox 1684 2029 1812 2111; x_wconf 73' lang='lat' dir='ltr'><em>staigoll</em></span> <span class='ocrx_word' id='word_1_329' title='bbox 1826 2032 1967 2113; x_wconf 73' lang='lat' dir='ltr'><em>contignatio,</em></span> <span class='ocrx_word' id='word_1_330' title='bbox 2032 2020 2033 2041; x_wconf 59' lang='lat'>¹</span> 
     </span>
     <span class='ocr_line' id='line_1_56' title="bbox 1304 2135 1968 2222; baseline -0.005 -28"><span class='ocrx_word' id='word_1_331' title='bbox 1304 2135 1570 2207; x_wconf 84' lang='lat' dir='ltr'><em>intercolumnium,</em></span> <span class='ocrx_word' id='word_1_332' title='bbox 1596 2140 1817 2222; x_wconf 88' lang='lat' dir='ltr'><em>intertignium,</em></span> <span class='ocrx_word' id='word_1_333' title='bbox 1832 2135 1968 2218; x_wconf 70' lang='lat' dir='ltr'><em>ficulnum-</em></span> 
     </span>
     <span class='ocr_line' id='line_1_57' title="bbox 1304 2237 1970 2324; baseline -0.008 -24"><span class='ocrx_word' id='word_1_334' title='bbox 1304 2261 1369 2300; x_wconf 90' lang='lat' dir='ltr'><em>rum</em></span> <span class='ocrx_word' id='word_1_335' title='bbox 1391 2241 1592 2312; x_wconf 84' lang='lat' dir='ltr'><em>intervallum,</em></span> <span class='ocrx_word' id='word_1_336' title='bbox 1617 2244 1699 2324; x_wconf 88' lang='lat' dir='ltr'><em>quod</em></span> <span class='ocrx_word' id='word_1_337' title='bbox 1721 2244 1830 2304; x_wconf 89' lang='lat' dir='ltr'><em>Danite</em></span> <span class='ocrx_word' id='word_1_338' title='bbox 1848 2240 1897 2320; x_wconf 76' lang='lat' dir='ltr'><em>lag.</em></span> <span class='ocrx_word' id='word_1_339' title='bbox 1934 2237 1970 2296; x_wconf 82' lang='lat' dir='ltr'><em>Sel</em></span> 
     </span>
     <span class='ocr_line' id='line_1_58' title="bbox 1297 2344 1968 2432; baseline -0.009 -26"><span class='ocrx_word' id='word_1_340' title='bbox 1297 2345 1383 2428; x_wconf 79' lang='lat' dir='ltr'><em>sorte</em></span> <span class='ocrx_word' id='word_1_341' title='bbox 1400 2369 1454 2409; x_wconf 88' lang='lat' dir='ltr'><em>non</em></span> <span class='ocrx_word' id='word_1_342' title='bbox 1469 2352 1560 2408; x_wconf 89' lang='lat' dir='ltr'><em>minus</em></span> <span class='ocrx_word' id='word_1_343' title='bbox 1576 2349 1656 2411; x_wconf 87' lang='lat' dir='ltr'><em>aliud</em></span> <span class='ocrx_word' id='word_1_344' title='bbox 1668 2348 1722 2410; x_wconf 79' lang='lat' dir='ltr'><em>hic</em></span> <span class='ocrx_word' id='word_1_345' title='bbox 1728 2348 1907 2432; x_wconf 76' lang='lat' dir='ltr'><em>speliendum,</em></span> <span class='ocrx_word' id='word_1_346' title='bbox 1918 2344 1968 2403; x_wconf 81' lang='lat' dir='ltr'><em>cile-</em></span> 
     </span>
     <span class='ocr_line' id='line_1_59' title="bbox 1305 2452 2033 2535; baseline -0.008 -23"><span class='ocrx_word' id='word_1_347' title='bbox 1305 2453 1392 2522; x_wconf 90' lang='lat' dir='ltr'><em>licet,</em></span> <span class='ocrx_word' id='word_1_348' title='bbox 1429 2454 1505 2534; x_wconf 89' lang='lat' dir='ltr'><em>quod</em></span> <span class='ocrx_word' id='word_1_349' title='bbox 1526 2454 1601 2515; x_wconf 83' lang='lat' dir='ltr'><em>Stofr</em></span> <span class='ocrx_word' id='word_1_350' title='bbox 1621 2460 1712 2516; x_wconf 84' lang='lat' dir='ltr'><em>etiam</em></span> <span class='ocrx_word' id='word_1_351' title='bbox 1735 2477 1827 2516; x_wconf 82' lang='lat' dir='ltr'><em>vocem</em></span> <span class='ocrx_word' id='word_1_352' title='bbox 1844 2452 1968 2535; x_wconf 74' lang='lat' dir='ltr'><em>velfonem</em></span> <span class='ocrx_word' id='word_1_353' title='bbox 2032 2469 2033 2481; x_wconf 58' lang='lat'>¹</span> 
     </span>
     <span class='ocr_line' id='line_1_60' title="bbox 1299 2555 1967 2643; baseline -0.009 -26"><span class='ocrx_word' id='word_1_354' title='bbox 1299 2555 1457 2642; x_wconf 64' lang='lat' dir='ltr'><em>fignificm</em></span> <span class='ocrx_word' id='word_1_355' title='bbox 1483 2579 1516 2620; x_wconf 86' lang='lat' dir='ltr'><em>nr</em></span> <span class='ocrx_word' id='word_1_356' title='bbox 1536 2558 1743 2636; x_wconf 82' lang='lat' dir='ltr'><em>kvein-stofir,</em></span> <span class='ocrx_word' id='word_1_357' title='bbox 1767 2560 1890 2643; x_wconf 86' lang='lat' dir='ltr'><em>querele:</em></span> <span class='ocrx_word' id='word_1_358' title='bbox 1914 2555 1967 2635; x_wconf 78' lang='lat' dir='ltr'><em>gilt-</em></span> 
     </span>
     <span class='ocr_line' id='line_1_61' title="bbox 1306 2661 1966 2750; baseline 0.002 -28"><span class='ocrx_word' id='word_1_359' title='bbox 1306 2662 1390 2734; x_wconf 82' lang='lat' dir='ltr'><em>llafr,</em></span> <span class='ocrx_word' id='word_1_360' title='bbox 1415 2685 1470 2726; x_wconf 85' lang='lat' dir='ltr'><em>vox</em></span> <span class='ocrx_word' id='word_1_361' title='bbox 1479 2663 1588 2742; x_wconf 87' lang='lat' dir='ltr'><em>flebilis</em></span> <span class='ocrx_word' id='word_1_362' title='bbox 1602 2670 1633 2750; x_wconf 89' lang='lat' dir='ltr'><strong><em>s</em></strong></span> <span class='ocrx_word' id='word_1_363' title='bbox 1644 2665 1728 2743; x_wconf 80' lang='lat' dir='ltr'><em>fletu</em></span> <span class='ocrx_word' id='word_1_364' title='bbox 1745 2672 1847 2728; x_wconf 83' lang='lat' dir='ltr'><em>mixto:</em></span> <span class='ocrx_word' id='word_1_365' title='bbox 1867 2663 1895 2726; x_wconf 84' lang='lat' dir='ltr'><em>ad</em></span> <span class='ocrx_word' id='word_1_366' title='bbox 1910 2661 1966 2741; x_wconf 74' lang='lat' dir='ltr'><em>ga&#39;a</em></span> 
     </span>
     <span class='ocr_line' id='line_1_62' title="bbox 1307 2766 1965 2856; baseline 0.005 -29"><span class='ocrx_word' id='word_1_367' title='bbox 1307 2767 1568 2841; x_wconf 57' lang='lat' dir='ltr'><em>bisinianensem</em></span> <span class='ocrx_word' id='word_1_368' title='bbox 1583 2772 1727 2852; x_wconf 85' lang='lat' dir='ltr'><em>ejulatum</em></span> <span class='ocrx_word' id='word_1_369' title='bbox 1731 2771 1881 2856; x_wconf 75' lang='lat' dir='ltr'><em>sustollere:</em></span> <span class='ocrx_word' id='word_1_370' title='bbox 1893 2767 1919 2830; x_wconf 66' lang='lat' dir='ltr'><em>li</em></span> <span class='ocrx_word' id='word_1_371' title='bbox 1923 2766 1965 2824; x_wconf 70' lang='lat' dir='ltr'><em>liet</em></span> 
     </span>
     <span class='ocr_line' id='line_1_63' title="bbox 1298 2859 1965 2956; baseline -0.012 -22"><span class='ocrx_word' id='word_1_372' title='bbox 1298 2873 1391 2955; x_wconf 88' lang='lat' dir='ltr'><em>facile</em></span> <span class='ocrx_word' id='word_1_373' title='bbox 1406 2874 1498 2948; x_wconf 83' lang='lat' dir='ltr'><em>Stofr,</em></span> <span class='ocrx_word' id='word_1_374' title='bbox 1523 2859 1670 2951; x_wconf 71' lang='lat' dir='ltr'><em>bokstafr,</em></span> <span class='ocrx_word' id='word_1_375' title='bbox 1699 2881 1801 2949; x_wconf 90' lang='lat' dir='ltr'><em>litera,</em></span> <span class='ocrx_word' id='word_1_376' title='bbox 1823 2877 1916 2956; x_wconf 80' lang='lat' dir='ltr'><em>noeirs</em></span> <span class='ocrx_word' id='word_1_377' title='bbox 1928 2871 1965 2929; x_wconf 86' lang='lat' dir='ltr'><em>da·</em></span> 
     </span>
     <span class='ocr_line' id='line_1_64' title="bbox 1305 2969 1967 3070; baseline -0.003 -31"><span class='ocrx_word' id='word_1_378' title='bbox 1305 2983 1390 3040; x_wconf 88' lang='lat' dir='ltr'><em>tionis</em></span> <span class='ocrx_word' id='word_1_379' title='bbox 1405 2981 1567 3042; x_wconf 84' lang='lat' dir='ltr'><em>eletaeutnm</em></span> <span class='ocrx_word' id='word_1_380' title='bbox 1602 2983 1667 3044; x_wconf 84' lang='lat' dir='ltr'><em>Stef</em></span> <span class='ocrx_word' id='word_1_381' title='bbox 1674 3007 1746 3070; x_wconf 87' lang='lat' dir='ltr'><em>ergo</em></span> <span class='ocrx_word' id='word_1_382' title='bbox 1759 2985 1813 3046; x_wconf 90' lang='lat' dir='ltr'><em>dici</em></span> <span class='ocrx_word' id='word_1_383' title='bbox 1821 2985 1903 3066; x_wconf 90' lang='lat' dir='ltr'><em>potuit</em></span> <span class='ocrx_word' id='word_1_384' title='bbox 1912 2969 1967 3058; x_wconf 60' lang='lat' dir='ltr'><em>qnqb</em></span> 
     </span>
     <span class='ocr_line' id='line_1_65' title="bbox 1305 3079 1963 3158; baseline -0.012 -14"><span class='ocrx_word' id='word_1_385' title='bbox 1305 3089 1382 3146; x_wconf 84' lang='lat' dir='ltr'><em>vocis</em></span> <span class='ocrx_word' id='word_1_386' title='bbox 1403 3091 1540 3158; x_wconf 86' lang='lat' dir='ltr'><em>intentio,</em></span> <span class='ocrx_word' id='word_1_387' title='bbox 1571 3085 1607 3151; x_wconf 58' lang='grc' dir='ltr'><em>ιι</em></span> <span class='ocrx_word' id='word_1_388' title='bbox 1621 3093 1646 3148; x_wconf 89' lang='grc' dir='ltr'><em>ιι</em></span> <span class='ocrx_word' id='word_1_389' title='bbox 1664 3094 1697 3150; x_wconf 79' lang='grc' dir='ltr'><em>ιιι</em></span> <span class='ocrx_word' id='word_1_390' title='bbox 1722 3095 1839 3151; x_wconf 74' lang='lat' dir='ltr'><em>carmine</em></span> <span class='ocrx_word' id='word_1_391' title='bbox 1856 3079 1963 3147; x_wconf 81' lang='lat' dir='ltr'><em>recitarit</em></span> 
     </span>
     <span class='ocr_line' id='line_1_66' title="bbox 1305 3182 1963 3280; baseline -0.003 -29"><span class='ocrx_word' id='word_1_392' title='bbox 1305 3191 1351 3251; x_wconf 84' lang='lat' dir='ltr'><em>vel</em></span> <span class='ocrx_word' id='word_1_393' title='bbox 1362 3191 1528 3256; x_wconf 86' lang='lat' dir='ltr'><em>modulando</em></span> <span class='ocrx_word' id='word_1_394' title='bbox 1542 3195 1701 3258; x_wconf 81' lang='lat' dir='ltr'><em>attollenda:</em></span> <span class='ocrx_word' id='word_1_395' title='bbox 1716 3201 1858 3280; x_wconf 71' lang='lat' dir='ltr'><em>inservire.</em></span> <span class='ocrx_word' id='word_1_396' title='bbox 1895 3182 1963 3249; x_wconf 65' lang='lat' dir='ltr'><em>Sttbr</em></span> 
     </span>
     <span class='ocr_line' id='line_1_67' title="bbox 1304 3297 1962 3381; baseline -0.015 -23"><span class='ocrx_word' id='word_1_397' title='bbox 1304 3299 1363 3358; x_wconf 76' lang='lat' dir='ltr'><em>mil</em></span> <span class='ocrx_word' id='word_1_398' title='bbox 1378 3297 1435 3358; x_wconf 86' lang='lat' dir='ltr'><em>dici</em></span> <span class='ocrx_word' id='word_1_399' title='bbox 1450 3299 1541 3380; x_wconf 74' lang='lat' dir='ltr'><em>potest</em></span> <span class='ocrx_word' id='word_1_400' title='bbox 1554 3299 1658 3362; x_wconf 77' lang='lat' dir='ltr'><em>Sermo</em></span> <span class='ocrx_word' id='word_1_401' title='bbox 1675 3301 1816 3373; x_wconf 81' lang='lat' dir='ltr'><em>Steficus,</em></span> <span class='ocrx_word' id='word_1_402' title='bbox 1831 3297 1883 3381; x_wconf 79' lang='lat' dir='ltr'><em>fiee</em></span> <span class='ocrx_word' id='word_1_403' title='bbox 1897 3297 1962 3354; x_wconf 85' lang='lat' dir='ltr'><em>Inter·</em></span> 
     </span>
     <span class='ocr_line' id='line_1_68' title="bbox 1305 3400 1962 3489; baseline -0.021 -26"><span class='ocrx_word' id='word_1_404' title='bbox 1305 3400 1420 3465; x_wconf 82' lang='lat' dir='ltr'><em>stefium</em></span> <span class='ocrx_word' id='word_1_405' title='bbox 1435 3402 1483 3484; x_wconf 77' lang='lat' dir='ltr'><em>(sit</em></span> <span class='ocrx_word' id='word_1_406' title='bbox 1504 3409 1585 3466; x_wconf 85' lang='lat' dir='ltr'><em>venia</em></span> <span class='ocrx_word' id='word_1_407' title='bbox 1602 3407 1705 3486; x_wconf 85' lang='lat' dir='ltr'><em>verbo)</em></span> <span class='ocrx_word' id='word_1_408' title='bbox 1720 3409 1752 3468; x_wconf 93' lang='lat' dir='ltr'><em>id</em></span> <span class='ocrx_word' id='word_1_409' title='bbox 1770 3407 1806 3489; x_wconf 77' lang='lat' dir='ltr'><em>est</em></span> <span class='ocrx_word' id='word_1_410' title='bbox 1818 3407 1899 3468; x_wconf 86' lang='lat' dir='ltr'><em>Sermo</em></span> <span class='ocrx_word' id='word_1_411' title='bbox 1911 3403 1962 3456; x_wconf 82' lang='lat' dir='ltr'><em>incr</em></span> 
     </span>
     <span class='ocr_line' id='line_1_69' title="bbox 2032 4487 2033 4545; baseline 0 0"><span class='ocrx_word' id='word_1_412' title='bbox 2032 4487 2033 4545; x_wconf 70' lang='lat' dir='ltr'><em>i</em></span> 
     </span>
    </p>
   </div>
   <div class='ocr_carea' id='block_1_23' title="bbox 1289 3505 1962 3592">
    <p class='ocr_par' dir='ltr' id='par_1_23' title="bbox 1289 3505 1962 3592">
     <span class='ocr_line' id='line_1_70' title="bbox 1289 3505 1962 3592; baseline -0.004 -24"><span class='ocrx_word' id='word_1_413' title='bbox 1289 3507 1370 3568; x_wconf 78' lang='lat' dir='ltr'><em>duas</em></span> <span class='ocrx_word' id='word_1_414' title='bbox 1381 3509 1519 3592; x_wconf 87' lang='lat' dir='ltr'><em>Stropbas</em></span> <span class='ocrx_word' id='word_1_415' title='bbox 1529 3513 1719 3574; x_wconf 86' lang='lat' dir='ltr'><em>intercalares</em></span> <span class='ocrx_word' id='word_1_416' title='bbox 1726 3515 1844 3575; x_wconf 87' lang='lat' dir='ltr'><em>medius:</em></span> <span class='ocrx_word' id='word_1_417' title='bbox 1854 3505 1962 3587; x_wconf 73' lang='lat' dir='ltr'><em>vaporis</em></span> 
     </span>
    </p>
   </div>
   <div class='ocr_carea' id='block_1_24' title="bbox 1303 3609 1962 4334">
    <p class='ocr_par' dir='ltr' id='par_1_24' title="bbox 1303 3609 1962 4334">
     <span class='ocr_line' id='line_1_71' title="bbox 1307 3609 1962 3698; baseline -0.017 -26"><span class='ocrx_word' id='word_1_418' title='bbox 1307 3611 1449 3677; x_wconf 84' lang='lat' dir='ltr'><em>Mensura</em></span> <span class='ocrx_word' id='word_1_419' title='bbox 1467 3614 1576 3688; x_wconf 82' lang='lat' dir='ltr'><em>stelica,</em></span> <span class='ocrx_word' id='word_1_420' title='bbox 1600 3619 1712 3698; x_wconf 87' lang='lat' dir='ltr'><em>qualem</em></span> <span class='ocrx_word' id='word_1_421' title='bbox 1730 3618 1892 3698; x_wconf 80' lang='lat' dir='ltr'><em>nobissepro</em></span> <span class='ocrx_word' id='word_1_422' title='bbox 1903 3609 1962 3668; x_wconf 74' lang='lat' dir='ltr'><em>litor·</em></span> 
     </span>
     <span class='ocr_line' id='line_1_72' title="bbox 1305 3711 1962 3805; baseline -0.011 -26"><span class='ocrx_word' id='word_1_423' title='bbox 1305 3740 1358 3779; x_wconf 89' lang='lat' dir='ltr'><em>nus</em></span> <span class='ocrx_word' id='word_1_424' title='bbox 1372 3720 1541 3803; x_wconf 87' lang='lat' dir='ltr'><em>descriptam</em></span> <span class='ocrx_word' id='word_1_425' title='bbox 1556 3721 1642 3783; x_wconf 88' lang='lat' dir='ltr'><em>dedit.</em></span> <span class='ocrx_word' id='word_1_426' title='bbox 1691 3723 1785 3805; x_wconf 78' lang='lat' dir='ltr'><em>Potest</em></span> <span class='ocrx_word' id='word_1_427' title='bbox 1800 3741 1859 3780; x_wconf 83' lang='lat' dir='ltr'><em>vero</em></span> <span class='ocrx_word' id='word_1_428' title='bbox 1872 3711 1924 3776; x_wconf 86' lang='lat' dir='ltr'><em>illud</em></span> <span class='ocrx_word' id='word_1_429' title='bbox 1934 3713 1962 3767; x_wconf 68' lang='lat' dir='ltr'><em>ir</em></span> 
     </span>
     <span class='ocr_line' id='line_1_73' title="bbox 1306 3817 1961 3912; baseline -0.02 -28"><span class='ocrx_word' id='word_1_430' title='bbox 1306 3825 1456 3886; x_wconf 81' lang='lat' dir='ltr'><em>teroaldum</em></span> <span class='ocrx_word' id='word_1_431' title='bbox 1463 3831 1493 3909; x_wconf 91' lang='lat' dir='ltr'><em>s.</em></span> <span class='ocrx_word' id='word_1_432' title='bbox 1502 3825 1684 3908; x_wconf 82' lang='lat' dir='ltr'><em>interflefium</em></span> <span class='ocrx_word' id='word_1_433' title='bbox 1694 3831 1820 3912; x_wconf 89' lang='lat' dir='ltr'><em>plurium</em></span> <span class='ocrx_word' id='word_1_434' title='bbox 1832 3823 1873 3884; x_wconf 89' lang='lat' dir='ltr'><em>orl</em></span> <span class='ocrx_word' id='word_1_435' title='bbox 1879 3817 1961 3902; x_wconf 84' lang='lat' dir='ltr'><em>pancio·</em></span> 
     </span>
     <span class='ocr_line' id='line_1_74' title="bbox 1305 3924 1962 4017; baseline -0.017 -28"><span class='ocrx_word' id='word_1_436' title='bbox 1305 3949 1370 3990; x_wconf 84' lang='lat' dir='ltr'><em>rum</em></span> <span class='ocrx_word' id='word_1_437' title='bbox 1385 3935 1436 4012; x_wconf 81' lang='lat' dir='ltr'><em>effe</em></span> <span class='ocrx_word' id='word_1_438' title='bbox 1452 3933 1661 4015; x_wconf 88' lang='lat' dir='ltr'><em>Stropbarum,</em></span> <span class='ocrx_word' id='word_1_439' title='bbox 1681 3955 1771 4017; x_wconf 84' lang='lat' dir='ltr'><em>prone</em></span> <span class='ocrx_word' id='word_1_440' title='bbox 1787 3943 1867 4016; x_wconf 79' lang='lat' dir='ltr'><em>poete</em></span> <span class='ocrx_word' id='word_1_441' title='bbox 1882 3924 1962 4007; x_wconf 87' lang='lat' dir='ltr'><em>plotu-</em></span> 
     </span>
     <span class='ocr_line' id='line_1_75' title="bbox 1304 4017 1961 4119; baseline -0.029 -12"><span class='ocrx_word' id='word_1_442' title='bbox 1304 4038 1363 4106; x_wconf 91' lang='lat' dir='ltr'><em>rit,</em></span> <span class='ocrx_word' id='word_1_443' title='bbox 1388 4055 1421 4096; x_wconf 82' lang='lat' dir='ltr'><em>ut</em></span> <span class='ocrx_word' id='word_1_444' title='bbox 1433 4059 1468 4096; x_wconf 88' lang='lat' dir='ltr'><em>cx</em></span> <span class='ocrx_word' id='word_1_445' title='bbox 1485 4017 1619 4119; x_wconf 88' lang='lat' dir='ltr'><em>pluribus</em></span> <span class='ocrx_word' id='word_1_446' title='bbox 1637 4041 1708 4102; x_wconf 86' lang='lat' dir='ltr'><em>Odit</em></span> <span class='ocrx_word' id='word_1_447' title='bbox 1724 4040 1817 4100; x_wconf 84' lang='lat' dir='ltr'><em>videre</em></span> <span class='ocrx_word' id='word_1_448' title='bbox 1833 4033 1878 4112; x_wconf 62' lang='lat' dir='ltr'><em>‘l’</em></span> <span class='ocrx_word' id='word_1_449' title='bbox 1898 4022 1961 4088; x_wconf 66' lang='lat' dir='ltr'><em>bibli</em></span> 
     </span>
     <span class='ocr_line' id='line_1_76' title="bbox 1305 4135 1961 4228; baseline -0.023 -27"><span class='ocrx_word' id='word_1_450' title='bbox 1305 4139 1486 4222; x_wconf 75' lang='lat' dir='ltr'><em>Pissar-gsbti</em></span> <span class='ocrx_word' id='word_1_451' title='bbox 1503 4141 1562 4206; x_wconf 67' lang='lat' dir='ltr'><em>inc.</em></span> <span class='ocrx_word' id='word_1_452' title='bbox 1597 4147 1637 4208; x_wconf 88' lang='lat' dir='ltr'><em>Et</em></span> <span class='ocrx_word' id='word_1_453' title='bbox 1652 4141 1869 4228; x_wconf 87' lang='lat' dir='ltr'><em>quemadmodum</em></span> <span class='ocrx_word' id='word_1_454' title='bbox 1882 4135 1917 4194; x_wconf 88' lang='lat' dir='ltr'><em>bit</em></span> <span class='ocrx_word' id='word_1_455' title='bbox 1927 4147 1961 4186; x_wconf 82' lang='grc' dir='ltr'><em>ιι·</em></span> 
     </span>
     <span class='ocr_line' id='line_1_77' title="bbox 1303 4245 1960 4334; baseline -0.02 -26"><span class='ocrx_word' id='word_1_456' title='bbox 1303 4269 1398 4308; x_wconf 87' lang='lat' dir='ltr'><em>merus</em></span> <span class='ocrx_word' id='word_1_457' title='bbox 1409 4247 1491 4321; x_wconf 89' lang='lat' dir='ltr'><em>liber,</em></span> <span class='ocrx_word' id='word_1_458' title='bbox 1509 4253 1550 4310; x_wconf 90' lang='lat' dir='ltr'><em>ita</em></span> <span class='ocrx_word' id='word_1_459' title='bbox 1562 4255 1645 4312; x_wconf 85' lang='lat' dir='ltr'><em>etiam</em></span> <span class='ocrx_word' id='word_1_460' title='bbox 1656 4255 1716 4334; x_wconf 79' lang='lat' dir='ltr'><em>t&#39;pflt</em></span> <span class='ocrx_word' id='word_1_461' title='bbox 1733 4245 1910 4311; x_wconf 87' lang='lat' dir='ltr'><em>intercalatio:</em></span> <span class='ocrx_word' id='word_1_462' title='bbox 1925 4251 1960 4292; x_wconf 73' lang='lat' dir='ltr'><em>to·</em></span> 
     </span>
    </p>
   </div>
   <div class='ocr_carea' id='block_1_25' title="bbox 1303 4340 1960 4522">
    <p class='ocr_par' dir='ltr' id='par_1_25' title="bbox 1303 4340 1960 4522">
     <span class='ocr_line' id='line_1_78' title="bbox 1303 4340 1960 4510; baseline -0.043 -88"><span class='ocrx_word' id='word_1_463' title='bbox 1303 4353 1336 4416; x_wconf 78' lang='lat' dir='ltr'><em>lc</em></span> <span class='ocrx_word' id='word_1_464' title='bbox 1357 4350 1393 4419; x_wconf 69' lang='lat' dir='ltr'><em>lu*</em></span> <span class='ocrx_word' id='word_1_465' title='bbox 1406 4355 1619 4418; x_wconf 78' lang='lat' dir='ltr'><em>Arinbinsnoe·</em></span> <span class='ocrx_word' id='word_1_466' title='bbox 1630 4357 1719 4440; x_wconf 79' lang='lat' dir='ltr'><em>delpu</em></span> <span class='ocrx_word' id='word_1_467' title='bbox 1739 4353 1872 4439; x_wconf 49' lang='lat' dir='ltr'><em>[frising</em></span> <span class='ocrx_word' id='word_1_468' title='bbox 1885 4340 1960 4510; x_wconf 69' lang='lat' dir='ltr'><em>poss·</em></span> 
     </span>
     <span class='ocr_line' id='line_1_79' title="bbox 1901 4445 1959 4522; baseline -0.086 -16"><span class='ocrx_word' id='word_1_469' title='bbox 1901 4445 1959 4522; x_wconf 76' lang='lat' dir='ltr'><em>tipo,</em></span> 
     </span>
    </p>
   </div>
   <div class='ocr_carea' id='block_1_26' title="bbox 0 0 2086 5306">
    <p class='ocr_par' dir='ltr' id='par_1_26' title="bbox 0 0 2086 5306">
     <span class='ocr_line' id='line_1_80' title="bbox 0 0 2086 5306; baseline 0 0"><span class='ocrx_word' id='word_1_470' title='bbox 0 0 2086 5306; x_wconf 95' lang='lat' dir='ltr'><em> </em></span> 
     </span>
    </p>
   </div>
  </div>
 </body>
</html>
