4162 5306
365 239 458 352 672
897 241 1160 334 EGILS
1224 241 1471 332 SAGA.

368 413 1998 472 m

418 542 527 636 Fteyt
555 537 601 608 ok
627 536 759 609 Ni'o'tdt

1241 501 1244 508 ²
1268 535 1331 636 51)
1353 539 1513 636 I‘leyerus
1538 551 1571 608 el
1597 537 1745 610 Nineue
1771 566 1775 575 ’

419 677 463 743 Αι
490 668 647 746 fiir-afli.
1814 684 1821 690 '

1263 671 1415 744 Pecneioe
1441 673 1564 744 viribus
1587 671 1665 769 (nr).
1776 749 1784 760 ,

235 899 240 911 ,
366 857 455 926 XIX.
498 857 572 925 Enn
602 853 738 928 thalle

417 991 456 1089 tt)
481 1003 514 1068 Α
541 983 787 1096 htifndbedmi¹

1212 857 1304 930 XlX.
1346 854 1407 950 52)
1431 849 1544 950 Atque
1568 851 1633 954 (et)
1660 856 1694 924 in
1717 853 1864 925 Hroalle·

1270 989 1362 1066 Villa
1389 990 1523 1084 capienti
1670 989 1675 996 '

1068 1107 1164 1184 nude
1906 1104 2000 1202 Opn

366 1301 639 1320 -ῄ-ι--ιι

457 1425 586 1496 Gti6t,
610 1423 720 1504 lapidee
741 1429 830 1506 (nem.
848 1425 964 1505 cellen.)
983 1447 1012 1486 ιι.
1027 1445 1107 1510 gen..
1128 1447 1165 1488 ex
1305 1425 1371 1490 detn
1393 1441 1476 1489 notet
1496 1421 1642 1494 btdmr,
1667 1421 1796 1484 erlem
1815 1416 1864 1482 sed
1886 1439 1940 1482 nec
1957 1419 2002 1479 eni·

457 1532 500 1596 leis
522 1549 612 1594 entem
635 1530 789 1611 exstructus
815 1532 948 1606 teinn,
980 1537 1000 1592 ι’.
1019 1553 1042 1592 e.
1067 1527 1163 1594 focus.
1304 1552 1364 1596 nuc
1385 1553 1448 1594 vere
1467 1530 1676 1611 complectitur·
1691 1529 1739 1590 ille
1758 1546 1819 1589 vox
1838 1545 1932 1587 men
1950 1545 2002 1608 reg·

460 1636 547 1698 Idem·
1303 1659 1370 1700 nent
1398 1637 1567 1722 vegetabile,
1600 1651 1630 1696 et
1655 1633 1724 1695 bine
1751 1629 1834 1694 feeile
1859 1627 1999 1692 meat

1302 1763 1387 1834 geere
1403 1743 1580 1827 superficiem
1600 1747 1705 1817 [recte.
1726 1753 1763 1800 ut
1781 1736 1902 1818 opinor.
1937 1733 1999 1796 vite

1302 1847 1494 1910 Grimnitmil
1508 1846 1546 1906 'in
1567 1843 1650 1906 Edde
1671 1843 1756 1904 Sem.
1777 1841 1817 1904 de
1840 1857 1910 1902 otto
1928 1843 2001 1902 Yme-

1302 1955 1385 2016 rieno
1407 1954 1452 2014 vel
1475 1950 1578 2012 mundi
1599 1969 1634 2011 ιιι
1658 1969 1693 2012 en
1712 1947 1878 2020 erectione3
1906 1965 1934 2008 et
1954 1945 2000 2008 nfi-

1303 2075 1398 2122 ιιιιιιιι
1424 2053 1481 2130 est,
1512 2058 1544 2119 in
1568 2055 1744 2136 quibusdem
1766 2037 1905 2116 lelandioe
1928 2055 1997 2124 lecit,

388 1745 423 1822 tt)
458 1745 487 1811 i,
509 1739 613 1802 eodem
631 1737 725 1800 sensu.
746 1741 770 1802 1.
795 1737 844 1802 sed
863 1743 881 1802 l
901 1761 954 1821 pto
972 1741 1048 1804 vatin
1067 1739 1164 1804 lectio·

458 1866 511 1915 ne,
539 1867 570 1905 ae
591 1843 677 1906 video
697 1843 777 1924 epnd
796 1846 832 1905 G.
849 1847 929 1907 Peuli
951 1846 982 1908 in
1005 1841 1163 1926 parenthesi

457 1947 585 2030 positum
613 1969 674 2029 quo
701 1949 776 2010 nihil
802 1969 879 2030 opus
906 1970 975 2012 eret.
1043 1949 1164 2012 Interest

457 2071 576 2126 tamen,
615 2054 770 2134 quomodo
803 2058 978 2118 vocabulum
1013 2055 1163 2118 Hefud·

458 2160 584 2220 hedeni
611 2159 839 2238 intelligendum
860 2158 913 2232 fit,
944 2160 973 2222 id
998 2165 1077 2224 enirn
1101 2181 1163 2224 non

454 2264 584 2326 dubitevi
606 2261 777 2328 substituere
799 2287 852 2348 pro
874 2269 1017 2331 librorum
1039 2269 1163 2330 lectione

457 2368 713 2444 ttefdbedmi,
741 2371 821 2454 quod
844 2367 938 2435 nostre
962 2373 1064 2454 lingue
1088 2372 1163 2434 nihil

456 2473 615 2556 fignificet,
637 2493 672 2539 ut
691 2480 812 2558 opinor,
834 2493 922 2559 etque
941 2476 1014 2540 eden
1031 2482 1066 2541 G.
1081 2478 1163 2540 nuti

456 2579 552 2642 visunt
573 2577 613 2642 eli
634 2601 669 2644 ex
690 2601 723 2646 ee
744 2579 885 2662 reingere
906 2582 1162 2657 lleifdbnclmi,

456 2685 475 2745 i.
493 2705 518 2745 e.
542 2707 578 2746 ex
596 2687 661 2762 ejnt
680 2690 822 2760 vetlione,
845 2689 947 2772 predio
965 2689 1102 2761 allodiali,
1124 2705 1162 2760 et,

455 2789 488 2852 in
507 2789 683 2871 parenthesi,
703 2809 734 2855 ιι
753 2791 1071 2867 musaei-bedun,
1092 2795 1166 2879 apud

458 2895 581 2960 Hronlli
605 2899 711 2978 filium.
767 2901 867 2975 Quem
895 2898 977 2962 suem
1003 2899 1162 2969 vetfionetn

456 3000 588 3082 sequenti
607 3020 677 3064 note
695 3003 870 3076 illustreuit,
890 3007 933 3067 vel
951 3004 1096 3068 edstmere
1114 3025 1160 3068 cn

455 3126 543 3168 nente
561 3105 615 3180 est,
638 3130 706 3170 nem
725 3111 803 3173 utrm
820 3129 971 3185 conatum,
991 3113 1021 3172 in
1041 3112 1160 3184 celihue,

456 3211 593 3302 progeedi
614 3235 675 3278 non
697 3213 864 3296 poss'ucnne,
887 3233 916 3279 et
934 3217 983 3280 ille
1002 3217 1053 3279 sut
1074 3215 1160 3280 leude

456 3335 524 3380 non.
545 3317 631 3381 debet
656 3341 768 3384 cetere:
800 3321 1075 3386 *Hefdbeclnte
1101 3322 1158 3384 dici

454 3421 564 3500 potest,
586 3429 661 3506 qnod
677 3431 742 3508 quit
760 3425 870 3510 pcffldet
889 3429 1042 3513 predium,
1065 3431 1159 3512 preci·

453 3546 508 3610 pue
528 3549 618 3594 nntetn
641 3531 849 3594 hereditarium
873 3537 942 3608 [cur
965 3552 1037 3611 ergo
1058 3533 1159 3594 enodi.

454 3634 512 3704 tle,
535 3637 711 3698 vocabulum
733 3639 847 3700 nullius
867 3639 966 3717 pretii,
990 3659 1100 3718 neque,
1124 3651 1160 3700 ut

454 3739 568 3814 opinor,
590 3743 656 3804 lctis
674 3743 772 3807 edhuc
791 3745 970 3808 intellectum
989 3744 1036 3816 iit,
1056 3745 1107 3824 qui
1127 3741 1158 3806 id

454 3839 657 3922 frequentent,
687 3847 865 3908 intensione
889 3848 1014 3929 postcunt
1035 3847 1100 3912 est?
1129 3867 1157 3912 et

454 3968 602 4026 pecteret,
634 3974 694 4015 non
720 3951 787 4016 sctit
810 3951 869 4014 scio
891 3975 952 4036 quo
973 3953 1058 4018 sensu
1080 3957 1158 4036 prio·

453 4074 512 4115 rem
535 4060 612 4119 tocie
632 4059 797 4142 compofitae
818 4076 943 4140 pectem,
967 4061 1024 4123 i.e.
1045 4059 1156 4134 Held,

353 4153 357 4161 ¹
454 4160 500 4222 hic
529 4165 633 4241 ceperit
659 4166 703 4227 ι’ῐι
731 4163 911 4246 ingeniosus,
977 4167 1154 4244 Analogiem

454 4284 550 4330 temen
576 4289 629 4350 pro
651 4291 685 4331 eo
709 4269 796 4342 stete,
827 4270 875 4334 etse
900 4272 1031 4350 exentple
1054 4269 1154 4343 defint,

453 4391 515 4438 non
531 4373 666 4440 diffiteor.
687 4378 722 4439 G.
735 4379 797 4456 M·]
830 4375 1074 4441 Communiffinte
1092 4380 1155 4458 qui-

1302 2179 1337 2226 ιιι
1360 2185 1385 2226 ι.
1411 2160 1613 2244 Thingeyenli
1637 2159 1804 2240 Toparcltie
1827 2159 1925 2221 Grec
1950 2179 1997 2239 pro

1303 2269 1414 2332 Tellure
1435 2271 1479 2331 vel
1499 2269 1581 2340 Sole,
1608 2267 1639 2328 in
1660 2265 1818 2328 electione:
1846 2281 1882 2327 ιι
1904 2265 1998 2326 skire

1303 2376 1402 2440 Βιιιι
1432 2375 1443 2434 ί
1468 2372 1600 2448 Gensi,
1632 2373 1652 2432 i.
1671 2393 1696 2433 e.
1723 2391 1839 2456 prtem
1861 2393 1947 2434 reem
1966 2377 1998 2431 ie

1303 2479 1388 2542 lucem
1409 2479 1528 2552 editum,
1553 2499 1640 2562 neque
1661 2476 1749 2539 adhuc
1770 2477 1804 2538 de
1818 2477 1881 2560 sele
1895 2477 1998 2560 suscep·

1303 2603 1362 2648 eum
1388 2587 1539 2666 lectitare.
1575 2583 1613 2644 G.
1630 2585 1695 2662 Μ.]
1747 2580 1885 2642 Bedntr
1909 2601 2000 2644 entem

1302 2687 1398 2751 dictus
1421 2687 1460 2750 est
1483 2711 1498 2750 n
1522 2689 1629 2760 hedi,
1658 2713 1681 2753 ³:
1705 2689 1822 2758 lennln;
1854 2685 1907 2749 sub
1926 2691 1999 2748 erbe

1302 2793 1384 2855 tilius
1411 2797 1521 2876 qnippe
1545 2815 1597 2874 per
1625 2795 1761 2864 herbam,
1798 2811 1881 2871 geete
1908 2793 1998 2873 peffint

1302 2900 1472 2978 predicetur
1489 2899 1571 2980 quies
1588 2896 1646 2959 fiue
1664 2897 1822 2972 tecubntio,
1846 2918 1875 2960 et
1892 2902 1999 2981 vulgate

1303 3003 1449 3085 hodieque
1476 3003 1603 3078 locutio,
1634 3015 1672 3065 ιι
1699 3001 1797 3064 bede
1824 3005 1836 3065 i
1863 3005 1999 3078 tellum,
2066 3059 2067 3066 ,

1302 3112 1379 3172 ieter
1398 3113 1476 3192 refitt
1496 3109 1638 3180 volutari,
1662 3107 1775 3170 devint
1798 3113 2001 3193 tranquilline

1301 3213 1452 3292 jucunde;
1482 3235 1534 3278 nec
1553 3215 1673 3278 elinnde
1692 3231 1786 3286 cette,
1817 3238 1907 3297 quem
1929 3217 1998 3288 hine,
2066 3203 2067 3226 ³

1300 3337 1374 3382 tetre
1395 3321 1504 3385 dicitur
1527 3318 1669 3391 Bitud,
1693 3317 1763 3398 fig.
1789 3323 1874 3402 quod
1896 3341 1924 3386 et
1944 3345 2000 3404 gn.
2066 3361 2067 3376 ,

1300 3447 1367 3488 enen
1390 3425 1550 3506 producet,
1575 3443 1604 3489 et
1625 3427 1656 3488 in
1677 3446 1709 3487 ee
1729 3429 1896 3492 recubante.
1929 3431 1999 3510 [tide
2066 3497 2067 3500 ,

1299 3533 1392 3593 Gloll.
1414 3531 1503 3596 Eddae
1525 3533 1610 3596 Sem.
1638 3531 1670 3593 in
1696 3553 1766 3595 voce
1791 3534 1947 3608 Bellene,
1975 3551 2001 3596 et

1299 3659 1348 3700 tne
1366 3635 1452 3718 supr·
1472 3639 1502 3700 in
1522 3639 1579 3702 hoc
1598 3639 1673 3700 libro
1694 3656 1761 3720 peg-
1778 3661 1856 3724 ⁴3¹·
1877 3660 1940 3704 not.
1954 3665 1996 3712 ιο.

1298 3747 1335 3808 G.
1352 3747 1414 3822 Μ.]
1449 3746 1494 3806 Ex
1512 3746 1599 3806 tltett
1619 3759 1697 3824 pnite
1715 3743 1824 3806 dicitur
1837 3745 1921 3826 filins
1937 3761 2000 3808 ett-

1297 3848 1423 3910 btdtnr
1439 3857 1490 3928 [ut
1506 3863 1535 3910 et
1553 3853 1749 3912 ltt·runnr
1766 3873 1903 3935 cogentes
1918 3851 1998 3935 apud,

1298 3953 1495 4018 Thiodollum
1505 3957 1699 4034 Noruegutn,
1715 3956 1745 4018 in
1759 3965 1898 4038 poemen
1908 3959 1999 4042 lleell·

1298 4061 1372 4148 lt'ng.
1393 4063 1428 4124 G.
1444 4065 1505 4142 M]
1529 4063 1598 4125 item
1620 4061 1928 4140 uelud-beetur,
1949 4085 1996 4126 rec·

1296 4167 1356 4230 eins
1380 4189 1409 4230 ιι.
1430 4164 1450 4228 f.
1476 4167 1790 4230 Htfud-bndnn:
1821 4175 1906 4248 ptius
1929 4171 1995 4232 erle·

1297 4295 1357 4334 tem
1377 4273 1484 4354 spectet
1501 4276 1676 4356 terrestrem,
1701 4290 1736 4336 ut
1756 4291 1785 4337 ct
1806 4273 1993 4356 Kynltelt,

1296 4399 1429 4459 necnon,
1462 4381 1484 4444 fi
1514 4383 1554 4444 ite
1581 4383 1693 4462 placet,
1725 4381 1994 4452 AEtt·ltudill,
