4148 5304
499 281 508 288 ·
624 231 889 320 EGILS
945 231 1183 324 snGn

982 529 1093 600 Porro
1111 531 1195 600 olom
1210 554 1396 623 torpemus,

786 693 789 702 ·
922 671 924 678 ’
981 653 1086 754 Rtflt
1105 651 1196 750 gesto
1224 637 1379 726 conteuti.

133 534 181 624 nr)
209 531 337 630 (itepp.
368 525 501 600 sseulum
534 525 550 596 i
579 535 648 624 veg'
669 555 777 632 vappa

128 665 170 753 n)
198 656 272 730 Vitt
295 649 445 747 svrgdru
476 649 569 724 hlitr.

782 779 880 876 Eptit
934 805 935 808 ¹

96 1007 143 1083 tn)
167 1003 287 1086 Grrpp,
304 1005 336 1070 io
357 1003 510 1069 occulendi
530 1004 597 1066 etio
617 1007 740 1068 membr.
761 1026 787 1073 e.
809 1023 879 1068 tum

168 1111 270 1190 poueit
292 1111 376 1182 eliis,
404 1111 569 1192 inquibus
599 1109 641 1170 est
667 1113 787 1192 llrtpp,
818 1109 878 1175 liue

167 1215 301 1296 impr-else
334 1214 563 1296 lli-eppseyenlie
587 1214 662 1278 ¹line
697 1220 801 1287 Anno,
849 1224 878 1281 A

168 1323 271 1384 ceteris
293 1323 423 1383 multum
441 1321 596 1394 turbetur,
618 1343 738 1403 nempe:
764 1327 878 1402 Greppr

168 1429 240 1510 Jb'r,
268 1426 350 1510 quod
378 1426 409 1488 in
434 1426 557 1489 vottndi
578 1425 645 1489 colu
668 1426 804 1489 Atmodo
827 1427 880 1488 tri.

132 1595 136 1604 ,
169 1534 223 1596 bui
243 1531 346 1615 potest.
367 1530 448 1613 quali
466 1531 558 1593 dient:
578 1535 657 1594 borno
680 1533 783 1594 torve!
796 1532 877 1616 fecie

164 1641 277 1722 turpis!
302 1643 347 1702 vel
367 1637 529 1708 eontrnile,
550 1633 701 1700 contorte!
736 1637 875 1700 ineorue!

167 1748 208 1808 eb
232 1747 400 1810 eoeeitotem
422 1743 540 1814 scilieet.
577 1745 657 1808 ted
677 1746 713 1808 G.
735 1745 820 1806 Pruli
843 1744 876 1807 in

166 1850 344 1916 nominandi
367 1848 452 1922 etio,
494 1849 531 1912 de
560 1848 624 1930 ipio
645 1857 731 1930 poite
757 1849 790 1913 dt
813 1849 875 1917 eiu·

164 1955 251 2020 sociis
272 1957 391 2038 occepit,
411 1955 509 2018 intitc
531 1971 645 2016 ntorte:
666 1955 774 2018 mirum
790 1955 875 2038 quod

167 2085 230 2126 non
255 2063 386 2144 reposuit
409 2063 521 2144 plural:
546 2061 692 2144 Greppnr,
712 2081 773 2144 quo
794 2062 875 2139 Egil-

162 2173 212 2233 lue
241 2171 311 2232 luos
343 2171 558 2249 alloqueretur:
599 2167 719 2229 eniri!
755 2169 800 2228 vel
826 2187 873 2232 nos

162 2277 244 2338 oiri!
265 2273 313 2338 sed
324 2277 367 2336 illi
382 2275 525 2336 nimirum
538 2287 602 2333 non
616 2270 744 2339 ederent.
770 2269 874 2354 Greipt

164 2387 307 2464 (greypr>
343 2386 383 2443 Α.
413 2381 571 2460 Mrgnoeue
605 2380 637 2440 in
670 2385 709 2442 Α.
739 2377 772 2442 dt
801 2397 873 2440 mox

163 2487 276 2550 ssolltu
306 2507 361 2568 pro
380 2485 518 2556 iltulum,
552 2503 656 2548 omnes
683 2489 747 2570 Jlir.
792 2487 871 2560 Qm

161 2593 305 2662 lectionee
324 2591 478 2672 ndnptruit
497 2589 529 2655 ἂ
551 2587 686 2672 exposuit
696 2596 726 2676 J.
747 2590 870 2654 Oloviut

163 2699 197 2760 in
224 2695 363 2780 glollrrio
393 2696 430 2759 nd
456 2698 572 2764 Lendn.
595 2701 624 2758 b.
658 2693 748 2766 cons.
770 2715 871 2758 meum

162 2801 292 2885 gloffinii
321 2799 466 2882 specimen
492 2804 524 2864 in
555 2801 669 2864 iiddom
698 2801 870 2877 Semundi,

161 2911 196 2974 dt
218 2907 306 2989 sopra
325 2907 380 2970 fob
403 2907 458 2971 lree
477 2910 521 2971 lit.
547 2927 604 2972 ver.
627 2907 768 2988 erpoino
791 2909 871 2972 vocis

163 3020 290 3098 Greppr.
313 3015 411 3094 Greip,
431 3017 477 3083 M.
523 3013 618 3094 Gripi.
640 3015 712 3076 liber
730 3017 767 3085 G,
788 3015 870 3076 l'tuli

159 3123 239 3188 forte
258 3141 312 3204 pro
331 3123 422 3210 greipi
440 3119 478 3188 se.
501 3119 645 3206 pythiae,
665 3140 749 3182 ntrox
770 3125 870 3182 incent-

157 3231 283 3300 etodtnn.
327 3227 405 3288 Non
426 3239 524 3287 eutem
546 3225 708 3288 omittendo
730 3225 769 3286 est
788 3228 870 3306 pleu-

154 3334 250 3399 srbilie
282 3333 448 3417 coniectum
475 3333 511 3394 G.
538 3334 620 3395 Peuli
648 3347 713 3394 ortt
742 3353 778 3393 ex
814 3333 868 3395 illo

159 3439 267 3520 Gripo:
291 3455 397 3520 nempe
416 3445 534 3521 poe'tnm
550 3434 625 3508 forte
644 3437 691 3500 nic
703 3437 868 3516 intelligere
909 3465 912 3475 ·

158 3545 282 3636 gryphes
308 3545 677 3632 (dependente-montanos)
706 3541 739 3608 dt
768 3545 867 3626 greipt

155 3655 205 3718 vel
224 3653 374 3734 grips-veg
393 3651 495 3714 dirille
521 3647 632 3740 tellum
653 3651 739 3714 illum
759 3649 866 3713 seltum

157 3769 203 3844 (οι
223 3756 417 3837 mdo-mog)
448 3773 463 3836 n
488 3759 589 3837 Geipe.
610 3757 646 3818 G.
668 3757 707 3824 Η.
723 3756 755 3820 dt
770 3760 866 3838 Geipu

157 3869 242 3933 svec.
264 3863 355 3925 Unde
378 3875 487 3924 retente
511 3863 633 3925 ledlione
654 3863 782 3948 pycten,
803 3862 866 3924 sen·

159 3971 213 4036 sue
230 3965 280 4031 lit:
304 3989 370 4032 ‘noe
402 3969 483 4030 eredo
512 3987 540 4031 re
564 3969 619 4031 eibi
643 3970 735 4032 videri
758 3969 864 4032 ornile·

157 4099 227 4164 quie
253 4073 367 4162 dignum
396 4075 441 4136 vel
473 4077 574 4158 nugis,
607 4072 657 4136 sed
687 4077 747 4138 elio
768 4074 861 4158 megin

156 4185 287 4249 solidiori
310 4182 422 4264 premio
440 4177 554 4248 seilicet.

94 4299 129 4386 e)
161 4295 247 4366 Viti,
272 4303 359 4376 poeno
377 4306 402 4355 o:
423 4289 460 4350 de
480 4286 615 4350 Armodo
639 4285 751 4358 sumto,
781 4307 861 4350 eom·

155 4399 242 4472 mode
261 4399 363 4480 reponi
379 4393 482 4480 potest,
501 4391 686 4464 dillinliione
705 4394 861 4478 expuniie,

1002 889 1007 900 Δ
1065 773 1231 852 Bbbbe

1021 1001 1214 1084 sequentibus
1236 953 1503 1070 conuellendum..
1529 1008 1638 1086 Neque
1664 1001 1731 1068 seue
1863 1021 1865 1024 ·

1020 1107 1088 1201 sotio
1116 1126 1220 1189 aptum
1249 1109 1365 1188 ridetur
1394 1109 1470 1182 illud
1492 1110 1548 1186 titt
1574 1111 1607 1172 in
1627 1127 1730 1200 rentur,

1021 1213 1072 1278 etit
1092 1209 1217 1294 figurete
1237 1215 1325 1297 oeeipi
1347 1215 1433 1298 pollet
1454 1216 1511 1280 vitt
1535 1217 1550 1280 i
1572 1233 1643 1296 reg,
1673 1237 1729 1298 pro

1021 1319 1171 1383 tvldinn
1194 1343 1268 1404 teg,
1294 1324 1377 1404 quod
1396 1321 1464 1386 feeit
1483 1321 1521 1394 G,
1545 1323 1645 1398 Pauli,
1676 1337 1729 1386 tut

994 1417 1089 1498 ¹virt,
1125 1442 1161 1490 ut
1190 1447 1248 1510 ego
1275 1431 1355 1509 cepi,
1388 1447 1443 1508 pro
1464 1425 1564 1506 vider,
1595 1428 1726 1514 amplier.

1020 1529 1154 1601 ulterius.
1202 1543 1219 1600 ll
1242 1531 1314 1596 vill.
1336 1539 1364 1618 J.
1392 1553 1469 1596 emo
1491 1525 1629 1618 grndu'd.
1650 1555 1728 1596 teno-

1018 1657 1050 1699 re
1070 1637 1201 1710 itineris,
1222 1636 1271 1701 sed
1293 1639 1352 1702 line
1370 1653 1467 1718 pretet
1488 1638 1518 1700 in
1542 1638 1726 1702 hermoniim

1019 1742 1174 1822 poetieam.
1213 1743 1355 1810 Deinde:
1372 1791 1376 1798 .
1393 1745 1424 1806 lo
1454 1739 1546 1822 gefu,
1578 1751 1617 1806 A.
1639 1747 1727 1824 Mog-

1017 1868 1099 1912 naeue
1122 1849 1154 1910 in
1172 1855 1210 1914 Λ.
1231 1849 1283 1912 tnli
1297 1852 1423 1936 ferrono
1444 1851 1577 1919 ronrenei.
1624 1847 1726 1911 Gielfu

1016 1974 1070 2035 pro
1100 1951 1154 2016 ilio
1179 1955 1266 2020 hebet
1288 1961 1368 2024 Suet.
1399 1955 1498 2018 vitiol'n
1527 1955 1727 2033 geminatione

1016 2061 1107 2122 literae
1134 2058 1155 2122 i.
1179 2059 1299 2140 gefum,
1329 2063 1366 2124 0.
1396 2061 1505 2143 grino,
1536 2065 1577 2122 itn
1600 2062 1665 2124 doto
1685 2061 1724 2123 se.

1012 2166 1100 2227 nobie
1129 2185 1145 2226 o
1175 2164 1315 2239 fortune,
1354 2165 1436 2249 quod
1463 2165 1579 2228 insidiet
1599 2164 1724 2246 hospitio

1016 2269 1180 2345 eutimue,
1201 2271 1234 2334 dt
1257 2291 1326 2332 eum
1346 2275 1403 2334 ulti
1427 2273 1541 2334 sumus.
1589 2273 1681 2350 Quod
1703 2269 1725 2334 ii
1812 2259 1816 2285 ¹

948 2455 952 2469 ⁴
1016 2373 1083 2456 post
1104 2375 1194 2438 modo
1216 2379 1331 2460 legetur
1354 2378 1447 2442 lelittu
1468 2397 1522 2457 pto
1543 2375 1619 2442 hlitt
1636 2382 1733 2460 (qum

1016 2482 1108 2545 modo
1136 2483 1223 2546 etinm
1253 2481 1360 2546 hlitted
1396 2485 1435 2544 ibi
1466 2480 1634 2566 erlino.)
1667 2483 1721 2546 en't

1012 2585 1114 2650 sensus
1134 2587 1171 2650 td
1191 2587 1360 2650 Arnrodum
1386 2589 1576 2670 tdplicendue
1597 2611 1647 2670 per
1665 2589 1723 2654 set·

1006 2711 1141 2757 cremum
1162 2695 1245 2757 tolie:
1281 2698 1322 2756 ite
1345 2697 1494 2781 prestitam
1520 2699 1723 2761 renenrrnn'e·

1010 2821 1072 2862 nnn
1093 2801 1156 2861 boni
1174 2801 1290 2882 consede,
1312 2801 1484 2880 Svogernu.
1505 2805 1617 2882 Hrepp.
1641 2821 1722 2864 nem·

1012 2925 1050 2985 pe
1068 2923 1243 2986 corruptum
1265 2927 1302 2967 ex
1320 2907 1443 2986 entique
1466 2909 1596 2986 pleniore
1614 2905 1647 2972 de
1661 2925 1722 2971 rne-

1012 3011 1059 3089 εἰς
1080 3011 1247 3092 euphonico
1267 3011 1315 3074 sve
1334 3032 1427 3095 gerru
1445 3011 1507 3092 (sve
1521 3015 1641 3094 gititvu)
1657 3033 1719 3094 qno

1012 3115 1121 3180 alludit
1135 3119 1190 3200 sun
1208 3121 1290 3204 gerini
1311 3121 1343 3179 in
1359 3125 1423 3204 Jo'r.
1461 3121 1498 3180 in
1520 3115 1579 3180 fine
1594 3117 1719 3200 strnpltae

1013 3221 1088 3285 lilite
1117 3225 1205 3303 plene
1237 3221 1395 3304 proferunt
1423 3229 1486 3310 Jdr.
1517 3225 1553 3293 G.
1576 3230 1614 3298 Η.
1636 3227 1717 3296 Svee.

1008 3349 1070 3410 quo
1100 3345 1129 3390 et
1156 3329 1247 3392 medo
1283 3333 1406 3393 nlletum
1438 3329 1548 3394 hlitttd
1581 3329 1717 3412 pertinet.

1010 3435 1076 3499 Lite
1096 3437 1219 3504 membr.
1240 3457 1267 3506 e.
1290 3435 1331 3502 dt·
1347 3437 1440 3500 ceteri
1462 3439 1556 3517 magis
1577 3442 1717 3524 embigue

1008 3541 1042 3611 ἃ
1071 3539 1237 3612 insueuiuu.
1302 3543 1439 3626 Denique
1465 3545 1582 3632 inlito
1610 3547 1716 3610 ultimo

1008 3648 1126 3729 stropho
1151 3649 1189 3724 6.
1213 3652 1296 3714 Pruli
1324 3653 1474 3732 duplicem
1502 3652 1534 3714 in
1563 3671 1623 3714 une
1645 3673 1715 3717 voce

1009 3753 1079 3819 fecit
1104 3757 1299 3820 mutetinnem
1316 3759 1465 3832 inutilem,
1484 3742 1642 3824 nimirum:
1657 3764 1712 3842 svo

1007 3859 1102 3940 igefi
1127 3865 1236 3948 (glori)
1265 3865 1336 3940 lien,
1369 3887 1401 3929 ur
1423 3867 1456 3944 (is
1471 3868 1628 3953 spectaculo
1662 3877 1713 3946 (ut

1005 3967 1141 4032 hominen
1173 3985 1201 4032 te
1229 3969 1373 4056 ipeetenr)
1403 3993 1468 4055 que
1491 3973 1551 4054 iple
1575 3973 1614 4038 fic
1643 3977 1712 4038 illu·

1005 4073 1092 4138 stret:
1125 4076 1189 4160 gefe
1211 4080 1227 4140 t
1247 4095 1277 4141 et
1297 4081 1368 4153 llrr,
1395 4081 1514 4160 vulger·
1536 4079 1576 4144 est
1598 4085 1710 4150 locutio

1002 4183 1039 4246 de
1059 4203 1090 4244 te
1108 4183 1266 4265 speenbiti,
1288 4191 1405 4266 qualem
1429 4177 1516 4253 etiem
1535 4188 1708 4256 Armodum

1002 4291 1050 4354 hie
1068 4291 1190 4373 reliquit
1207 4293 1338 4374 Egillue.
